1928 2964
94 142 127 199 12
386 143 427 201 ⁷1¹.
446 147 613 200 auorum

93 248 207 301 Molibus
218 249 331 303 incurrit
342 251 437 303 validis
449 267 508 302 cum
520 249 619 302 viribus
631 248 729 313 amnis;

93 317 148 371 Dat
160 319 248 371 sonitu
259 336 355 400 magno
367 326 488 386 stragem,
500 318 634 385 volvitque
647 318 695 369 sub
707 318 785 370 undis

95 386 211 440 Grandia
223 406 293 454 saxa,
305 389 360 441 ruit
373 406 424 456 qua
437 387 564 455 quidquid
576 386 699 438 fluctibus
712 387 806 439 obstat.
881 388 931 437 290

95 456 157 507 Sic
149 457 232 524 rgitur
244 457 341 509 debent
352 457 426 510 venti
438 472 541 524 quoque
553 456 661 507 flamina
672 455 748 508 ferri:

96 524 168 591 Quae,
180 526 264 577 veluti
276 527 394 578 validum
405 525 511 591 flumen,
524 540 606 590 quum
619 525 779 592 procubuere

96 566 265 655 Quamlibet'
258 612 286 645 ιιι
298 601 407 662 partem,
419 595 532 646 trudunt
544 611 584 645 res
597 601 659 645 ante
659 600 814 661 ,ruuntque

96 661 242 729 impetibus
254 663 364 726 crebris;
382 662 516 714 interdum
528 662 625 714 vertice
637 633 706 714 tdrto

97 729 253 798 corripiunt,
265 732 414 812 rapidoque
420 731 516 783 rotant'
509 749 535 783 ra
497 731 652 783 tturbine
663 737 777 798 portant.

97 798 183 861 Quare
195 800 276 851 etiam
288 806 367 868 atque
380 800 460 851 etiam
473 805 536 850 sunt
547 800 621 850 venti
633 816 739 867 corpora
751 817 832 852 caca:

98 867 315 949 Quandoquidem
326 869 404 920 factis
416 873 443 920 et
454 869 576 935 moribus,
589 868 684 920 aemula
694 869 798 935 magnis

97 936 245 989 Amnibus
238 937 410 989 mveniuntur
409 943 520 1004 ,aperto
532 954 637 1005 corpore
649 937 696 1003 qui
708 943 777 989 sunt

300 1051 341 1104 De
353 1051 427 1104 odore
428 1052 537 1120 ,colora
542 1052 661 1122 stupore,
674 1071 737 1106 voce

133 1136 200 1188 llum
212 1153 287 1204 porro
299 1137 384 1189 varios
396 1154 483 1189 rerum
496 1137 623 1188 sentimus
635 1139 732 1204 odores,

100 1205 155 1257 Nec
168 1211 257 1257 tamen
269 1205 304 1257 ad
315 1222 391 1257 nares
403 1206 537 1258 venientes
550 1206 679 1258 cernimus
691 1224 820 1286 unquam:
886 1212 938 1261 300

99 1273 155 1327 Nec
167 1275 264 1326 calidos
276 1280 356 1327 aestus
368 1275 477 1341 tuimur,
490 1291 538 1325 nec
549 1275 647 1341 frigora
658 1275 764 1342 quimus

100 1342 232 1410 Usurpare
243 1343 333 1410 oculis,
345 1360 394 1395 nec
405 1360 480 1396 voces
493 1359 596 1394 cernere
608 1360 726 1406 suemus3

101 1411 164 1474 Quae
177 1418 265 1463 tamen
277 1413 365 1464 omnia
377 1428 499 1479 corporea
510 1417 628 1464 constare
640 1428 743 1464 necesse
755 1418 795 1465 est

100 1479 217 1543 Natura;
236 1481 359 1561 quoniam
372 1497 461 1531 sensus
472 1481 606 1548 impellere
618 1487 734 1548 possunt.

101 1520 218 1615 Tangerd
229 1549 300 1600 enim
311 1555 338 1601 et
350 1549 432 1617 tangi,
445 1549 496 1600 nisi
508 1566 608 1617 corpus,
620 1549 694 1601 nulla
706 1554 793 1617 potest
804 1568 852 1604 res.

365 1665 420 1720 Veat
410 1675 445 1720 ter
456 1666 550 1719 aircaci
561 1676 584 1720 et
595 1666 684 1720 cresci.

136 1755 256 1825 Denique
267 1758 417 1826 fluctifrago
429 1776 560 1827 suspensae
572 1759 601 1810 in
614 1759 691 1811 litore
702 1766 787 1812 vestes

103 1827 255 1886 Uvescunt‚
249 1847 254 1858 ·
272 1828 370 1879 eaedem
381 1828 511 1895 dispansae
524 1828 552 1879 in
565 1828 618 1879 sole
630 1835 776 1880 serescunt:

102 1896 140 1947 At
151 1912 236 1962 neque
248 1912 300 1963 quo
312 1903 389 1964 pacto
400 1896 543 1964 persederit
555 1896 649 1949 humor
661 1901 739 1964 aquai

104 1964 221 2015 Visut
182 1970 221 2015 est
222 1982 289 2030 ,nec
300 1982 405 2017 rursum
417 1982 468 2033 quo
479 1971 556 2032 pacto
568 1965 667 2032 fugerit
680 1974 760 2030 aestu;

104 2032 137 2085 In
149 2050 242 2100 parvas
254 2034 337 2100 igitur
348 2039 435 2102 partes
448 2034 607 2102 dispergitur
618 2034 720 2101 humor,
889 2037 941 2088 310

105 2101 178 2165 Quas
190 2102 260 2154 oculi
272 2103 347 2154 nulla
358 2108 467 2170 possunt
479 2109 520 2154 rat
521 2103 580 2154 ione
592 2102 687 2156 videre

230 2219 271 2272 De
282 2219 407 2272 canalo
395 2237 427 2272 aa
438 2218 520 2290 alipta
532 2228 671 2287 αιιιιιιιιιιο,
683 2228 706 2273 ιι
717 2219 820 2273 certaria

141 2312 212 2376 Quin
224 2314 312 2379 etiam,
323 2313 416 2365 multis
428 2313 489 2365 solis
500 2313 672 2365 redeuntibus
685 2312 769 2379 aunis,

106 2381 227 2434 Annulus
240 2383 269 2434 in
280 2382 364 2449 digito
377 2381 592 2433 subtertenuatur
604 2381 738 2434 habendo:

107 2450 137 2502 St
138 2450 231 2503 illicidi
244 2468 318 2503 casus
330 2450 445 2518 lapidem
457 2457 548 2503 cavat:
566 2467 649 2502 uncus
661 2450 744 2502 aratri

108 2519 216 2572 Ferreus
229 2521 330 2571 occulte
342 2519 467 2571 decrescit
479 2536 567 2571 vomer
578 2520 607 2570 in
618 2519 702 2599 aruis:

107 2587 267 2655 Strataque'
256 2606 317 2668 Janr
324 2587 398 2654 vulgi
410 2587 520 2656 pedibus
533 2587 666 2640 detrita
641 2604 744 2640 riarum

108 2655 193 2709 Saxea
204 2657 390 2724 conspicimus:
409 2662 468 2706 tum
480 2663 568 2724 portas
579 2661 685 2726 propter
696 2655 783 2709 ahena
