1928 2964
101 157 135 208 38
413 154 441 206 Τ.
459 152 626 206 LUCRE'I'II

101 256 211 325 Corpore
224 257 356 324 sejunctus
368 256 442 308 dolor
454 255 529 323 absit,
541 261 629 307 mente
641 256 746 307 finiatur

101 325 121 377 J
122 326 228 378 ueundo
240 343 325 391 sensu,
337 343 401 377 cura
413 332 511 377 semota
522 324 665 391 metuque?

136 395 211 467 Ergo·
217 412 367 467 corpoream
378 395 412 447 ad
424 400 644 467 naturamppauoa
656 393 775 461 ridemus
904 395 935 445 20

100 463 163 515 Esse
175 482 240 535 opus
253 465 366 529 omnino,
379 481 436 531 quae
449 462 556 514 demant
569 479 672 530 cunque
686 462 808 530 dolorem,

100 532 214 601 Delicias
226 550 328 601 quoque
340 533 381 584 uti
392 528 490 584 multas
502 531 665 584 substernere
676 531 795 600 possint;

101 602 207 653 Gratius
219 602 352 654 interdum
364 619 450 669 neque
455 608 557 672 ,natura
568 601 626 668 ipsa
637 600 754 668 requirit.

99 669 128 721 Si
140 688 192 721 non
204 688 283 722 aurea
296 676 358 722 sunt
366 672 496 738 juvenum
509 660 648 722 simulacra
659 687 706 738 per
718 669 793 735 aedes,

99 731 246 806 Lampadas
258 740 383 806 igniferas
394 739 515 791 manibus
527 739 670 790 retinentia
681 738 789 805 dextris,

98 807 212 859 Lumina
224 809 359 860 nocturnis
372 808 456 876 epulis
468 814 499 859 ut
512 808 727 876 suppeditentur;

98 876 124 927 N
124 893 153 928 ec
166 877 258 928 domus
271 883 379 944 argento
390 878 477 944 fulget
489 894 602 944 auroque
613 877 716 929 renidet
723 896 731 940 ;

97 945 124 996 N
124 963 153 997 eo
165 946 272 997 eithara
283 946 392 998 reboant
404 947 527 1014 laqueata
539 952 681 1014 aurataque
694 945 807 1014 templa:
908 1002 911 1007 ,

99 1014 187 1078 Quum
199 1021 288 1067 tamen
300 1016 369 1066 inter
381 1033 408 1067 se
420 1015 542 1082 prostrati
555 1015 583 1066 in
595 1015 713 1082 gramine
724 1014 815 1067 molli·

97 1083 208 1152 Propter
220 1101 296 1153 aquae
307 1085 402 1149 rivum,
415 1084 462 1136 sub
474 1084 553 1135 ramis
565 1083 663 1136 arboris
675 1084 743 1150 altae,
903 1087 936 1138 30

99 1153 160 1206 Non
171 1154 274 1221 magnis
286 1153 378 1221 opibus
386 1153 505 1221 jucunde
517 1170 624 1221 corpora
635 1160 741 1205 curant:

97 1221 246 1276 Praesertim
258 1240 339 1291 quum
351 1228 492 1291 tempestas
505 1223 609 1287 arridet,
623 1228 651 1274 et
663 1223 727 1274 anni

96 1291 224 1360 Tempora
236 1298 412 1360 conspergunt
423 1292 566 1344 viridantes
578 1291 685 1343 floribus
697 1289 797 1344 herbas

96 1361 122 1412 N
122 1379 151 1413 ec
164 1362 254 1414 oalidae
267 1362 345 1413 citius
358 1361 489 1413 decedunt
502 1377 607 1428 corpore
618 1360 710 1428 febres,

96 1430 243 1482 Textilibus
256 1431 278 1481 si
291 1431 320 1481 in
332 1430 442 1498 picturis
454 1435 574 1496 ostroque
585 1428 692 1481 rubenti

95 1498 115 1550 J
116 1501 219 1566 acturis,
232 1516 312 1567 quam
324 1499 345 1550 si
358 1499 460 1567 plebeia
472 1500 500 1550 in
512 1504 584 1550 veste
596 1498 747 1550 cubandum
759 1503 806 1551 est.

131 1569 302 1636 Quapropter,
315 1569 438 1636 quoniam
450 1568 489 1620 nil
500 1573 588 1619 nostro
600 1567 629 1618 in
641 1584 747 1635 corpore
759 1584 831 1635 gazae

95 1637 249 1703 Proficiunt,
262 1655 347 1706 neque
359 1637 490 1704 nobilitas,
503 1654 551 1688 nec
563 1636 647 1704 gloria
658 1637 749 1704 regni;

96 1706 171 1768 Quod
185 1714 310 1774 superest,
322 1708 410 1758 animo
423 1723 527 1774 quoque
538 1706 576 1756 nil
589 1706 709 1773 prodesse
721 1706 886 1775 putandum:

95 1774 123 1826 si
137 1793 190 1828 non
202 1776 269 1828 forte
281 1782 341 1828 tuas
354 1776 468 1843 legiones
481 1792 528 1842 per
538 1774 596 1826 loca
608 1775 694 1855 campi
791 1833 795 1840 ¹
902 1780 935 1829 40

94 1843 205 1897 Fervere
217 1862 299 1913 quum
312 1845 409 1911 rideas,
421 1844 484 1896 belli
497 1844 637 1896 simulacra
649 1850 747 1896 erentes
754 1863 762 1909 ;

95 1910 220 1979 [Fervere
232 1932 315 1982 quum
328 1914 416 1966 videas
428 1914 536 1965 classem
548 1913 654 1980 lateque
666 1915 772 1982 vagari·
782 1911 801 1982 ;]

94 1982 145 2034 His
158 1982 208 2035 tibi
220 1990 279 2034 tum
290 1981 367 2034 rebus
379 1984 523 2035 timefaetae
535 1982 673 2049 religiones

94 2051 236 2119 Effugiunt
248 2052 335 2104 animo
347 2052 457 2120 pavidae,
470 2052 612 2119 mortisque
624 2053 742 2105 timores:
815 2114 818 2119 ,

93 2120 161 2172 Tum
174 2139 287 2173 vacuum
299 2128 391 2188 pectus
404 2121 529 2188 linquunt
542 2138 656 2189 curaque
669 2121 792 2187 solutum

94 2189 171 2250 Quod
184 2190 206 2241 si
217 2190 329 2242 ridicula
341 2190 397 2242 haeo
410 2189 576 2257 ludibriaque
588 2208 643 2242 ease
654 2190 781 2258 ridemus,

93 2259 243 2328 Reveraque
254 2265 340 2311 metus
353 2259 490 2311 hominum
503 2274 625 2326 euraeque
637 2277 758 2328 sequaces

92 2327 147 2380 Neo
159 2334 282 2380 metuunt
295 2328 394 2380 sonitus
406 2345 546 2394 armorum,
559 2346 607 2380 nee
619 2330 674 2380 fera
686 2330 755 2393 tela3

91 2396 277 2466 Audacterque
288 2397 358 2449 inter
369 2414 443 2465 reges
455 2415 594 2465 rerumque
606 2403 725 2466 potentes

92 2464 244 2533 Versantur,
257 2483 341 2535 neque
352 2467 482 2532 fulgorem
494 2476 645 2519 reverentur
657 2464 691 2519 ab
703 2482 773 2534 auro,
814 2461 819 2470 ⁸
901 2474 933 2525 50

91 2533 117 2586 N
118 2552 146 2587 ec
159 2535 259 2588 clarum
271 2535 350 2588 restis
363 2535 527 2603 splendorem
539 2539 697 2605 purpurea'r':

146 2641 156 2665 ⁸
169 2639 183 2661 “
192 2630 293 2676 Subsidirs
301 2638 382 2688 magnis
394 2637 482 2687 Epicuri
491 2640 633 2678 constabilitas

184 2692 277 2732 Ornatas
286 2692 352 2732 ermis
361 2697 443 2732 statuas
452 2697 573 2744 stantesque
582 2697 685 2734 animatas
691 2695 711 2743 ;”
727 2695 774 2735 Me.
