1928 2964
323 133 432 186 LIBER
449 133 639 187 SECUNDUS.
871 137 905 184 53

57 232 132 288 inter
142 241 268 304 utrasque
277 236 378 302 jacent,
391 235 528 304 explentes
540 235 630 288 ordine
642 253 779 288 summum.

57 305 126 372 Ergo
138 305 215 356 finita
227 306 331 356 distant
342 305 444 356 ratione
457 311 562 367 creata3

57 374 177 442 Ancipiti
188 374 314 442 quoniam
326 390 450 425 mucrone
461 374 596 441 utrimque
607 378 743 440 notantur,

57 443 128 495 Hinc
139 442 260 509 flammis,
272 443 348 493 illinc
359 442 451 508 rigidis
463 443 580 494 insessa¹¹
593 443 702 510 pruinis.
853 443 904 495 520

315 550 353 603 Iu
365 560 434 604 terra
446 551 548 603 semina
560 551 647 604 inesse.

91 648 168 713 Quod
181 648 306 716 quoniam
318 648 401 713 docui,
413 665 522 715 pergam
534 655 686 700 connectere
698 665 761 715 rem,
775 665 832 716 quae

25 751 27 755 .
57 717 99 770 Ex
111 719 162 770 hoc
174 723 239 785 apta
250 717 329 768 fidem
342 717 431 768 ducit:
449 717 592 784 primordia
603 734 698 782 rerum,

57 786 131 839 Inter
143 804 170 838 se
183 785 264 838 simili
276 803 335 854 ques
348 792 410 837 sunt
423 786 539 853 perfecta
551 786 643 853 figura,

58 855 168 908 Infinita
180 854 281 907 cluere:
300 855 399 907 etenim
411 855 538 907 distantia
550 872 632 922 quum
645 855 680 906 sit

57 924 212 977 Formarum
223 924 307 990 finita,
319 941 423 976 necesse
435 929 481 990 est,
494 941 553 991 quse
565 924 662 975 similes
674 924 736 990 sint,

58 993 120 1045 Esse
132 993 264 1045 infinitas:
282 999 330 1044 aut
343 1010 472 1044 summam
484 993 605 1045 materiai

57 1063 176 1114 Finitam
187 1068 319 1114 constare:
336 1062 366 1113 id
378 1063 447 1128 quod
459 1079 512 1113 non
525 1079 579 1113 esse
591 1060 706 1130 probavi.
799 1119 807 1136 ·

92 1131 170 1195 Quod
182 1131 307 1199 quoniam
318 1131 404 1197 docui,
416 1148 487 1182 nunc
500 1130 666 1198 suaviloquio,
679 1147 735 1198 age,
748 1130 839 1198 paucis

58 1199 184 1252 Versibus
196 1200 339 1266 ostendam,
352 1199 507 1267 corpuscula
518 1200 639 1251 materiai

57 1269 99 1321 Ex
111 1269 217 1320 infinito
229 1268 359 1320 summam
369 1286 458 1320 rerum
469 1285 552 1336 usque
565 1274 660 1335 tenere,
811 1265 815 1274 “
849 1272 902 1322 530

57 1338 183 1406 Undique
195 1337 294 1406 protelo
306 1338 445 1406 plagarum
457 1337 618 1389 continuato.

91 1407 118 1459 N
118 1424 164 1458 am
175 1406 245 1474 quod
256 1423 316 1458 rara
329 1407 400 1458 vides
412 1407 496 1472 magis
509 1423 563 1457 esse
575 1405 700 1465 animalia
712 1405 840 1473 quaedam,

57 1475 272 1543 Foecundomque
283 1475 370 1526 minus
382 1480 505 1527 naturam
517 1475 600 1527 cernis
613 1476 641 1526 in
653 1475 721 1538 illis;

58 1544 214 1612 rit-regione
225 1544 333 1612 locoque
343 1544 396 1596 olio
408 1545 535 1612 terrisque
547 1545 654 1596 remotis

58 1613 148 1666 Multa
159 1613 222 1665 licet
233 1630 328 1680 genere
340 1619 394 1664 esse
406 1613 485 1679 ineo,
497 1630 689 1679 numerumque
700 1613 810 1681 repleri:

58 1682 109 1749 sic,
119 1682 162 1735 uti
174 1682 375 1750 quadrupedum
388 1683 551 1750 cumprimis
564 1699 618 1734 esse
631 1683 749 1734 videmus

58 1751 91 1803 In
103 1768 199 1818 genere
211 1751 384 1818 anguimanos
396 1750 555 1819 elephantos,
569 1750 646 1802 India
658 1769 770 1819 quorum

57 1819 179 1872 Millibus
192 1837 206 1872 e
218 1819 309 1872 multis
321 1820 390 1872 vallo
401 1821 522 1872 munitur
534 1820 639 1886 eburno,

57 1889 95 1942 Ut
107 1889 215 1958 penitus
227 1894 342 1956 nequeat
352 1889 500 1957 penetrari;
518 1895 595 1942 tauta
606 1889 721 1940 ferarum

58 1957 105 2010 Vis
117 1964 166 2024 est,
178 1975 291 2026 quarum
302 1975 348 2009 nos
361 1975 492 2026 perpauca
504 1958 624 2026 exempla
636 1959 761 2010 videmus.
846 1962 898 2010 540

56 2027 108 2080 Sed
120 2034 219 2093 tamen,
231 2025 259 2078 id
271 2044 374 2094 quoque
385 2027 426 2079 uti
438 2027 585 2094 concedam,
598 2045 676 2095 quam
688 2027 762 2079 lubet
774 2033 829 2079 esto

56 2097 144 2149 Unica
156 2113 197 2147 res
210 2096 337 2163 quaedam,
350 2096 440 2148 nativo
452 2113 557 2164 corpore
570 2096 631 2163 sola,

57 2165 107 2218 Oui
119 2164 213 2216 similis
225 2171 281 2217 toto
293 2171 423 2217 terrarum
435 2180 488 2216 non
500 2165 534 2217 sit
546 2166 575 2216 in
587 2166 662 2218 orbe:

57 2235 169 2287 Infinita
180 2239 271 2286 tamen
282 2233 334 2285 nisi
345 2234 396 2286 erit
407 2234 447 2286 vis
458 2235 587 2301 materiai,

56 2303 134 2357 Unde
146 2321 178 2355 ea
190 2302 312 2370 progigni
324 2303 405 2370 possit
417 2309 550 2371 concepta,
563 2302 645 2355 creari
656 2354 657 2358 ,

56 2373 117 2426 Non
128 2372 236 2442 poterit,
247 2389 341 2439 neque,
353 2371 422 2439 quod
434 2379 557 2440 superest,
569 2387 729 2440 procrescere
740 2370 834 2438 alique.

91 2442 198 2511 Quippe
210 2441 309 2493 etenim
321 2447 427 2500 sumant
439 2441 515 2508 oculi,
528 2441 605 2493 finita
616 2458 663 2509 per
675 2456 751 2491 omne

56 2508 170 2580 Corpora
178 2510 276 2579 jactari
288 2509 367 2561 unius
379 2510 507 2576 genitalia
518 2510 570 2572 rei;

56 2579 141 2649 Unde,
153 2579 209 2648 ubi,
221 2597 275 2649 qua
287 2579 322 2646 vi,
334 2585 361 2630 et
373 2596 425 2646 quo
437 2586 514 2646 pacto
526 2593 663 2646 congresso
675 2576 783 2630 coibunt

402 2677 411 2697 ¹
425 2673 518 2722 infinum
533 2673 582 2716 MS.
