1928 2964
352 133 460 187 LIBER
477 133 622 187 PRIMUS.

93 231 150 284 Nec
161 249 236 300 porro
247 231 377 297 augendis
389 230 466 282 rebus
479 230 563 298 spatio
575 231 643 282 foret
654 247 718 281 usus

59 299 172 352 Seminis
182 301 216 352 ad
227 300 336 366 coitum,
349 317 364 351 e
375 299 459 350 nihilo
472 300 494 351 si
506 316 619 351 erescere
631 305 743 366 possent.

58 367 128 421 Nam
139 368 233 421 fierent
241 371 354 436 juvenes
367 367 454 419 subito
466 385 500 420 ex
511 367 652 419 infantibu’
665 368 760 435 parvis,

58 436 212 505 Eterraque
223 443 316 503 exorta
327 442 435 504 repente
447 435 555 488 arbusta
568 436 689 488 salirent:

59 506 178 569 Quorum
189 506 229 557 nil
239 505 298 557 fieri
309 505 480 557 manifestum
492 511 540 570 est,
552 505 640 556 omnia
652 505 756 572 quando

59 573 194 626 Paulatim
206 580 333 641 crescunt,
345 580 377 626 ut
389 591 437 641 par
449 579 495 641 est,
508 574 606 625 semine
618 580 702 636 cert03
850 579 899 627 190

59 643 254 711 Crescendoque
266 660 349 710 genus
362 648 481 705 servant3
499 647 531 693 ut
542 659 647 694 noscere
659 641 747 709 possis,

60 711 177 779 Quaeque
190 729 238 764 sua
251 713 282 763 de
294 712 405 763 materia
417 711 586 778 grandescere
599 711 693 778 alique.

92 781 155 832 Huc
167 781 278 847 aceedit,
290 781 332 832 uti
344 781 400 831 sine
412 780 490 831 certis
502 778 629 831 imbribus
641 779 705 831 anni

59 848 188 902 lraetificos
200 854 315 916 nequeat
326 849 407 900 foetus
419 848 573 900 submittere
585 848 677 901 tellus:
693 882 696 887 ‹

59 917 112 970 Nec
125 935 211 987 porro,
223 923 322 970 secreta
334 918 398 983 cibo,
410 922 507 969 natura
519 917 685 969 animantum

59 985 209 1055 Propagure
221 1003 304 1053 genus
316 987 405 1054 possit,
418 986 553 1052 vitamque
566 987 649 1038 tueri:

59 1054 96 1107 Ut
142 1055 199 1107 tius
210 1055 303 1106 multis
315 1055 464 1107 communia
476 1072 583 1122 corpora
594 1055 671 1107 rebus

59 1073 148 1176 Mulli
160 1129 240 1192 putes
251 1141 313 1190 esse,
325 1130 357 1175 ut
369 1124 454 1176 verbis
467 1124 596 1176 elementa
608 1124 734 1191 videmus,

60 1192 146 1256 Quam
159 1192 216 1244 sine
228 1192 364 1260 principiis
375 1193 459 1245 ullam
470 1210 527 1244 rem
539 1193 650 1245 existere
662 1211 743 1261 posse.

91 1261 216 1328 Denique
229 1278 275 1312 cur
285 1261 403 1313 homines
416 1267 504 1312 tantos
515 1267 611 1313 natura
623 1279 716 1329 parare
848 1267 900 1315 200
933 1292 939 1299 -

58 1329 118 1383 Non
131 1330 227 1399 potuit,
240 1330 350 1398 pedibus
362 1331 408 1398 qui
419 1336 531 1398 pontum
542 1347 589 1398 per
602 1331 671 1383 vada
682 1337 787 1398 possent

58 1398 190 1465 Transire,
202 1404 230 1450 et
241 1416 349 1466 magnos
360 1399 483 1451 manibus
495 1399 619 1451 divellere
630 1408 739 1467 montes,

58 1467 202 1535 Multaque
213 1468 325 1521 vivendo
336 1467 430 1520 vitalia
441 1468 546 1520 vincere
558 1468 650 1531 saecla;
909 1481 939 1525 n·

58 1535 86 1588 si
98 1553 161 1604 non,
173 1537 295 1588 materies
307 1537 369 1604 quia
380 1536 456 1588 rebus
468 1537 572 1588 reddita
584 1544 655 1590 certa
667 1544 707 1590 est

58 1605 212 1672 Gignendis,
225 1621 240 1656 e
252 1623 304 1673 qua
316 1610 419 1658 constat
431 1605 495 1673 quid
506 1605 588 1673 possit
600 1606 679 1658 oriri?

57 1673 104 1726 Nil
116 1674 202 1741 igitur
213 1673 270 1725 fieri
282 1674 315 1726 de
326 1674 381 1726 nilo
393 1691 468 1742 posse
478 1674 618 1726 fatendum
630 1682 685 1739 est;

57 1742 164 1795 Semina
177 1742 280 1810 quando
292 1759 357 1810 opus
369 1749 409 1795 est
421 1742 505 1809 rebus,
518 1760 570 1810 quo
582 1760 692 1811 quaeque
705 1752 799 1798 creatae

57 1811 135 1864 Aeris
147 1811 178 1863 in
189 1818 292 1864 teneras
304 1810 404 1879 possint
416 1811 555 1879 proferrier
567 1829 650 1865 auras.

92 1880 236 1947 Postremo,
249 1881 372 1947 quoniam
384 1880 492 1932 incultis
504 1887 627 1948 praestare
639 1882 758 1934 videmus
904 1922 937 1967 f„

58 1948 138 2002 Culta
149 1949 215 2015 loca,
228 1954 255 2000 et
266 1948 387 2001 manibus
399 1949 518 2001 meliores
529 1950 637 2002 reddere
648 1952 742 2015 foetus3
847 1957 899 2004 210

56 2017 386 2071 Ilssevidelicetinterris
398 2018 541 2086 primordia
553 2036 648 2086 rerum,
917 2032 930 2047 ·’

57 2086 125 2151 Qua
136 2086 341 2153 nos‚foecundas
353 2092 484 2138 vertentes
497 2105 599 2139 vomere
611 2088 707 2155 glebas,
921 2138 925 2146 ,

56 2154 202 2237 Τοτηϊφιο
214 2155 298 2208 solum
310 2155 468 2222 subigentes,
481 2156 564 2208 cimus
577 2156 611 2208 ad
623 2164 702 2210 ortus.
883 2170 925 2238 J

57 2224 133 2289 Quod
145 2241 169 2277 si
180 2223 255 2276 nulla
267 2224 361 2290 forent,
373 2231 463 2276 nostra
475 2225 531 2277 sine
543 2242 654 2293 quaeque
666 2226 754 2278 labore

56 2290 156 2363 Sponte
168 2309 217 2347 sua
228 2292 314 2345 multo
324 2291 383 2344 fieri
393 2293 502 2345 meliora
513 2293 622 2346 videres.

277 2408 361 2462 Nihil
370 2409 408 2462 od
418 2410 537 2463 sibilum
549 2411 683 2464 inseritur.

91 2496 156 2549 Huc
167 2494 279 2562 aceedit,
291 2495 333 2547 uti
345 2513 451 2564 quaeque
463 2496 492 2547 in
505 2514 552 2548 sua
564 2513 671 2563 corpora
683 2513 788 2548 rursum

57 2564 190 2619 Dissoluat
201 2570 307 2630 natura,
319 2581 404 2631 neque
416 2566 451 2617 ad
462 2564 578 2616 nihilum
589 2565 725 2616 interimat
736 2583 784 2618 res.

58 2633 131 2703 Nem,
143 2634 166 2687 si
178 2633 245 2703 quid
257 2632 368 2685 mortale
380 2650 395 2686 e
407 2634 509 2686 cunctis
521 2632 640 2701 partibus
653 2640 727 2700 esset,
