1928 2964
333 133 442 186 LIBER
460 133 617 186 TERTIUS.
861 137 894 186 93

50 234 176 288 Vulneris
189 234 294 287 ardenti
306 240 337 285 ut
350 252 437 286 morsu
449 240 551 302 premat
563 235 617 286 ieta
630 234 723 286 dolore.

88 303 216 356 Omnibus
228 321 284 355 esse
295 304 378 370 igitur
389 309 458 354 totas
471 304 587 354 dicemus
599 303 628 353 in
640 303 693 354 illis
739 307 750 311 ”

51 372 193 425 Particnlis
206 373 307 424 animas
318 372 327 424 t
346 379 374 423 at
386 389 416 422 ea
427 372 529 424 ratione
541 379 671 439 sequetur,
767 428 770 433 ,

50 441 141 494 Unam
152 442 315 492 animantem
328 440 428 492 animas
441 439 561 492 habuisse
573 441 602 491 in
615 457 719 507 corpore
732 439 836 491 multas.

50 509 122 577 Ergo
134 510 219 563 divisa
231 515 271 561 est
283 527 320 575 ea,
334 526 392 576 quae
404 509 457 561 fuit
470 527 523 561 una
535 509 612 560 simul
626 526 686 560 cum

51 579 179 647 Corpore:
198 585 358 647 quapropter
369 579 480 629 mortale
491 584 635 644 utrumque
648 577 796 645 putandum
808 585 855 644 est,

53 646 86 699 In
99 648 198 700 multas
210 648 334 716 quoniam
345 654 433 715 partes
446 647 584 699 disciditur
596 663 676 714 aeque.

102 777 200 831 Contra
211 779 399 849 Pythagoram,
412 780 460 849 qai
470 779 568 832 dicebat
579 779 685 831 artiores
697 779 727 831 ia
739 797 848 849 corpora

365 873 461 925 iterem
473 872 572 924 reverti.

86 983 224 1052 Praeterea,
238 985 260 1036 si
271 985 425 1037 immortalis
437 992 533 1037 natura
545 984 643 1036 animai
837 986 887 1037 670

50 1053 168 1119 Constat,
180 1061 207 1105 et
219 1055 248 1105 in
260 1071 352 1122 corpus
364 1055 531 1106 nascentibus
544 1053 708 1115 insinuatur3

50 1122 103 1174 Gur
115 1139 193 1191 super
205 1130 266 1175 ante
279 1130 366 1175 actam
378 1130 483 1175 aetatem
495 1122 643 1174 meminisse
655 1120 792 1188 nequimus
797 1140 808 1186 ,-

49 1190 107 1242 Neo
119 1192 230 1258 vestigia
242 1198 376 1259 gestarum
387 1210 474 1243 rerum
486 1192 542 1243 ulla
554 1198 673 1242 tenemus
684 1190 693 1242 i

49 1259 76 1310 N
77 1276 120 1310 am
133 1261 154 1311 si
166 1265 302 1328 tantopere
315 1268 354 1312 est
366 1261 448 1312 animi
460 1267 564 1311 mutata
576 1265 697 1327 potestas,

50 1328 143 1380 Omnis
155 1334 186 1380 ut
198 1337 318 1381 actarum
330 1329 456 1381 exciderit
468 1329 610 1381 retinentia
621 1345 708 1379 rerum
719 1347 726 1390 ;

49 1396 118 1463 Non,
131 1403 162 1448 ut
174 1398 272 1466 opinor,
285 1399 312 1450 id
325 1399 357 1450 ab
370 1399 422 1450 leto
430 1401 487 1465 jam
500 1398 612 1464 longiter
625 1403 701 1448 errat.

51 1465 217 1534 Quapropter
227 1467 326 1520 fateare
338 1484 441 1519 necesse
454 1474 502 1534 est,
515 1484 573 1534 quae
585 1466 638 1518 fuit
650 1473 719 1532 ante,

50 1535 192 1602 Interiisse,
205 1542 238 1602 et,
251 1554 309 1605 quae
322 1554 392 1588 nunc
404 1543 450 1601 est,
463 1553 533 1587 nunc
546 1552 600 1587 esse
612 1541 733 1587 creatam.

85 1604 222 1669 Praeterea,
236 1606 264 1671 si,
273 1608 330 1673 jam
342 1604 457 1673 perfecto
469 1622 581 1672 corpore,
593 1603 667 1655 nobis

49 1672 147 1724 Inferri
159 1674 236 1725 solita
248 1682 287 1726 est
299 1675 381 1725 animi
393 1675 483 1726 vivata
496 1680 610 1741 potestas
836 1675 886 1725 680

49 1741 125 1807 Tum,
138 1759 221 1808 quum
233 1743 367 1810 gignimur
379 1750 405 1794 et
417 1745 479 1795 vitae
493 1760 573 1808 quum
586 1743 666 1793 limen
678 1740 791 1795 inimus:

50 1810 131 1862 Haud
144 1812 183 1863 ita
195 1812 372 1878 conveniebat,
385 1813 426 1863 uti
438 1829 499 1863 cum
511 1829 616 1879 oorpore
628 1818 655 1862 et
667 1828 721 1862 una

49 1879 116 1931 Cum
128 1871 251 1932 membris
263 1881 383 1933 videatur
394 1881 423 1931 in
435 1882 491 1948 ipso
504 1881 630 1947 sanguine
643 1896 739 1932 cresse:

48 1947 100 2000 Sed
112 1949 186 2001 velut
198 1950 226 2000 in
238 1967 323 2016 cavea,
337 1967 383 2018 per
395 1967 421 2001 se
434 1950 484 2000 sibi
497 1950 582 2001 vivere
595 1949 677 2000 solam

48 2016 185 2082 Convenit,
198 2024 229 2069 ut
241 2036 317 2070 sensu
330 2036 422 2086 corpus
434 2025 523 2070 tamen
535 2019 626 2070 affluat
639 2034 728 2070 omne:

48 2085 136 2148 Quare
148 2087 228 2138 etiam
241 2094 320 2154 atque
332 2089 412 2139 etiam
424 2104 473 2139 neo
485 2088 592 2153 originis
605 2105 659 2139 esse
671 2085 821 2155 putandum
833 2091 873 2137 est

47 2153 177 2222 Expertes
190 2157 297 2220 animas,
309 2173 358 2207 nee
370 2156 418 2207 leti
430 2157 488 2222 lege
499 2157 604 2208 solutas.

47 2223 117 2275 Nam
129 2241 213 2292 neque
225 2231 361 2292 tantopere
374 2225 479 2277 adnecti
490 2226 605 2293 potuisse
617 2223 766 2293 putandum
778 2228 817 2275 est

48 2291 203 2360 Corporibus
215 2295 310 2345 nostris
322 2294 482 2346 extrinsecus
495 2295 653 2355 insinuatas;

47 2360 123 2424 Quod
135 2362 192 2413 fieri
204 2368 288 2414 totum
301 2369 391 2414 contra
403 2364 542 2414 manifesta
554 2363 629 2413 docet
641 2377 688 2412 res.
833 2361 884 2411 690

45 2430 167 2498 Namque
179 2431 218 2482 ita
230 2448 348 2483 connexa
360 2437 399 2483 est
411 2449 457 2500 per
469 2449 556 2496 venas,
569 2431 673 2494 viscera,
686 2445 785 2496 nervos,

46 2497 170 2567 Ossaque,
182 2500 225 2552 uti
237 2500 327 2552 dentes
339 2517 441 2567 quoque
454 2518 529 2551 sensu
542 2499 746 2567 participentur3

45 2567 154 2621 Morbus
167 2576 198 2621 ut
210 2569 318 2635 indicat,
331 2578 357 2620 et
369 2569 468 2635 gelidai
481 2569 594 2633 stringor
606 2568 693 2633 aquai,

45 2636 81 2690 Et
93 2638 161 2707 lapis
173 2654 310 2706 oppressus
322 2638 415 2690 subitis
428 2655 442 2689 e
454 2637 574 2703 frugibus
587 2653 674 2704 asper:
