1928 2964
324 100 434 190 nisis
452 137 625 199 coluros.
844 140 894 190 117

86 239 187 295 Lurida
198 244 325 308 praterea
336 239 411 306 fiunt,
425 257 595 308 quaecumque
607 243 719 291 tuentur

54 310 168 379 Arquati
175 329 183 374 ;
201 310 263 376 quia
275 310 369 361 luroris
382 309 414 361 de
426 327 531 377 corpore
543 325 632 370 eorum

54 379 160 432 Semina
172 378 257 431 multa
268 378 357 430 fluunt
370 378 514 430 simulacris
527 377 602 430 obvia
613 395 715 439 rerum3

54 447 193 516 Multaque
206 452 268 499 sunt
280 447 362 499 oculis
374 447 403 498 in
414 464 503 498 eorum
516 447 629 514 denique
641 447 733 512 mixta,

54 516 120 577 Qua
132 522 243 582 contage
255 533 303 568 sua
314 515 457 584 palloribus
470 515 557 567 omnia
569 516 690 584 pingunt.

87 586 111 638 E
123 584 238 638 tenebris
250 591 348 650 autem,
361 602 419 653 quae
432 585 535 636 suntin
547 585 613 651 luce,
626 590 739 650 tuemur,

54 653 204 723 Propterea,
218 653 281 721 quia
294 670 375 721 quum
388 654 492 722 propior
504 654 624 720 caliginis
636 655 682 705 adr

54 724 120 776 Ater
131 723 184 774 init
196 722 282 774 oculos
295 723 370 790 prior,
384 729 411 774 et
423 722 537 790 possedit
549 728 667 790 apertos;
844 723 895 772 340

55 792 208 860 Insequitur
221 788 334 843 candens
346 791 483 843 confestim
495 791 599 842 lucidus
611 793 663 856 aer,

55 861 107 925 Qui
120 861 196 928 quasi
208 866 304 928 purgat
316 877 365 925 cos,
378 877 409 912 ao
421 860 509 927 nigras
521 860 630 912 discutit
643 859 746 911 umbras

54 930 132 982 Aeris
143 929 228 981 illius:
247 946 310 981 nam
321 929 413 980 multis
425 929 544 996 partibus
556 929 600 980 hic
612 934 652 980 est

55 998 185 1065 Mobilior,
197 997 340 1064 multisque
352 997 486 1064 minutior,
498 1003 525 1049 et
536 1014 613 1064 mage
624 997 731 1065 pollens.

57 1067 109 1131 Qui
121 1067 200 1118 simul
212 1071 291 1134 atque
303 1067 359 1118 vias
371 1066 507 1118 oculorum
518 1066 577 1118 luce
588 1066 706 1134 replerit,

54 1136 143 1204 Atque
155 1135 288 1203 patefecit,
300 1153 364 1204 quas
376 1142 439 1187 ante
451 1133 587 1187 obsederat
599 1142 671 1197 ater;

55 1204 187 1256 Continuo
198 1221 286 1255 rerum
298 1204 438 1256 simulacra
449 1203 575 1272 adaperta
587 1209 741 1271 sequuntur,

10 1290 16 1332 ,·
56 1274 122 1338 Quae
134 1273 186 1326 sita
198 1277 260 1324 sunt
271 1273 301 1324 in
312 1272 378 1339 luce,
390 1273 580 1341 lacessuntque,
592 1278 623 1325 nt
635 1273 776 1325 videamus.

56 1342 133 1406 Quod
145 1346 237 1393 contra
248 1341 334 1393 facere
345 1342 375 1392 in
386 1342 500 1394 tenebris
512 1359 527 1394 e
538 1342 598 1394 luce
609 1342 756 1410 nequimus,

55 1410 198 1480 Propterea
210 1409 272 1478 quia
283 1411 409 1479 posterior
420 1411 539 1478 caliginis
551 1414 597 1464 aer
847 1413 898 1480 35Q

56 1480 171 1532 Crassior
182 1479 336 1560 insequitur,
348 1480 395 1548 qui
406 1485 503 1531 cuncta
514 1480 643 1531 foramina
655 1479 777 1549 complet,

57 1549 214 1616 Obsiditque
225 1565 281 1600 mos
293 1548 434 1616 oculorum,
446 1566 479 1601 ne
491 1549 631 1600 simulacra

57 1617 165 1670 Possint
176 1617 291 1669 ullarum
301 1634 390 1669 rerum
402 1622 522 1669 contecta
533 1619 638 1671 moveri.
687 1682 697 1699 ο

83 1757 250 1812 Detur-ritus
261 1756 405 1828 qmdratis,
415 1775 463 1810 our
471 1775 562 1810 aarum
571 1755 664 1810 umbra
673 1774 737 1828 saepe
748 1757 868 1811 rotundo.

93 1885 293 1955 Quadratasque
305 1883 395 1954 procul
406 1890 491 1938 turres
503 1902 586 1953 quum
597 1882 727 1936 cernimus
739 1882 819 1952 urbis,

58 1955 203 2024 Propterea
213 1955 252 2022 fit,
264 1955 305 2007 uti
316 1954 457 2007 videantur
468 1971 535 2023 saepe
546 1954 674 2020 rotundae,

59 2024 182 2092 Angulus
194 2023 302 2076 obtusus
314 2024 376 2093 quia
387 2024 465 2090 longe
477 2023 593 2076 cernitur
605 2024 696 2090 omnis,

56 2093 118 2147 Sive
130 2092 212 2145 etiam
223 2093 311 2161 potius
323 2109 376 2144 non
388 2093 511 2159 comitur,
524 2109 554 2144 ac
566 2092 634 2160 perit
647 2093 703 2160 ejus

59 2162 150 2230 Plaga,
162 2178 211 2213 nec
223 2161 257 2213 ad
269 2167 370 2213 nostras
382 2161 449 2214 acies
461 2161 606 2230 perlabitur
617 2161 686 2214 ictus
693 2180 701 2227 ;

57 2232 128 2285 Adra
173 2230 315 2282 rmultum
327 2230 389 2298 quia
402 2230 466 2283 dum
479 2230 619 2282 simulacra
630 2230 759 2296 feruntur,

59 2301 135 2368 Cogit
166 2299 283 2352 ebescere
294 2316 354 2350 eum
367 2298 461 2351 crebris
473 2299 611 2351 offensibus
624 2300 675 2351 aer.
848 2297 899 2347 360

59 2369 138 2436 Hine,
151 2368 197 2420 ubi
209 2368 320 2435 suffugit
333 2385 437 2419 sensum
449 2367 527 2419 simul
540 2367 653 2434 angulus
666 2366 756 2431 omnis,

59 2437 110 2505 Fit,
123 2437 199 2506 quasi
211 2443 242 2489 ut
253 2437 288 2489 ad
300 2443 406 2488 tornum
418 2453 541 2488 saxorum
553 2441 653 2487 structa
664 2440 788 2487 tuantur:

58 2505 117 2560 Non
128 2515 227 2573 tamen,
240 2511 271 2558 ut
282 2522 369 2557 coram
381 2523 439 2573 quae
452 2511 522 2572 sunt,
534 2520 646 2571 vereque
657 2503 779 2570 rotunda,

60 2575 109 2630 Sed
122 2576 199 2647 quasi
210 2574 388 2629 adumbratim
399 2574 508 2644 paulum
526 2573 650 2625 simulata
661 2571 792 2626 videntur.

707 2890 800 2908 .—
