1928 2964
80 143 113 193 10
383 141 413 195 Τ.
432 139 599 193 Lucanum

78 239 120 291 Ex
133 239 214 292 oculis
225 256 266 292 res
278 257 388 309 querque
400 246 507 309 repente
519 245 609 308 erepta
621 238 732 308 periret3

78 308 160 361 Nulla
171 310 199 362 vi
209 310 278 361 foret
289 327 352 361 usus
365 311 443 376 enim,
456 326 514 378 quse
526 309 645 376 partibus
658 311 714 376 ejus

77 377 225 430 Discidium
236 395 326 446 parere
338 385 365 431 et
377 396 461 430 nexus
473 378 604 430 exsolvere
616 383 709 446 posset.

79 446 154 510 Quod
166 465 243 514 nunc,
256 453 353 500 aeterno
365 448 428 516 quia
441 452 562 499 constent
574 447 672 498 semine
683 461 801 514 quaque,

78 515 167 567 Donec
179 517 218 568 vis
231 515 304 583 obiit,
316 534 374 584 quae
387 533 427 568 res
440 514 586 568 diverberet
598 516 661 582 ictu,

77 582 133 635 Aut
145 585 217 636 intus
229 591 349 652 penetret
361 603 407 653 per
418 585 516 651 inania,
529 584 712 653 dissoluatque,

77 651 184 704 Nullius
196 654 308 705 exitium
321 655 424 722 patitur
435 659 532 705 natura
543 653 634 706 rideri

112 721 249 789 Praeterea,
263 739 433 790 quaecumque
445 727 578 774 vetustate
590 726 693 774 amovet
705 726 777 789 aetas,

78 787 106 842 Si
118 791 225 859 penitus
237 792 344 858 perimit
356 807 511 843 consumens
523 792 660 842 materiem
672 807 783 858 omnem,

77 859 155 912 Unde
167 859 279 913 animale
291 877 374 927 genus
386 859 532 926 generatim
543 859 685 911 inlumina
697 860 759 911 vitae

78 927 192 980 Reducit
205 928 310 980 Venusl
328 934 376 980 aut
388 928 527 979 reductum
541 928 643 980 daedale
655 928 734 981 tellus

77 996 154 1049 Unde
166 996 221 1062 alit,
234 1002 314 1064 atquc
326 1003 414 1064 auget,
427 997 572 1064 generatim
584 996 681 1065 pabula
692 996 828 1065 praebcnsi

76 1065 154 1117 Unde
165 1083 244 1133 mare,
257 1066 366 1133 ingenui
377 1066 470 1132 fontes,
483 1071 646 1134 externaque
658 1065 736 1133 longe

76 1133 201 1186 Flumina
212 1135 400 1203 suppeditantl
418 1134 489 1186 unde
501 1135 583 1186 aether
596 1135 681 1187 sidera
692 1135 795 1203 pascitl

76 1203 172 1256 Omnia
184 1204 254 1256 enim
266 1204 351 1272 debet,
363 1204 468 1256 mortali
480 1220 586 1270 corpore
598 1220 657 1271 quae
670 1210 740 1270 sunt,

75 1272 187 1327 Infinita
198 1279 261 1325 aetas
273 1290 426 1341 consumpse
438 1278 501 1324 ante
513 1277 573 1325 aeta
585 1272 697 1340 diesque
772 1300 778 1305 ·

76 1342 152 1406 Quod
164 1342 186 1394 si
198 1342 227 1394 in
239 1359 268 1394 eo
281 1343 365 1410 spatio
378 1348 457 1409 atque
469 1347 532 1393 ante
543 1346 604 1393 acta
616 1347 694 1393 aetate
705 1340 787 1406 fuere,

74 1408 98 1461 Ε
111 1410 205 1478 quibus
216 1410 273 1463 haec
284 1428 372 1463 rerum
384 1411 503 1462 consistit
516 1427 618 1462 summa
629 1411 742 1472 refecta;

76 1478 223 1530 Immortoli
235 1485 297 1531 sunt
309 1486 406 1531 natura
418 1479 529 1547 praedita
541 1484 627 1532 certe:

76 1546 157 1599 Haud
168 1547 252 1614 igitur
262 1553 371 1616 possunt
383 1548 417 1599 ad
429 1547 514 1598 nilum
527 1564 637 1615 quecque
649 1545 752 1599 reverti

108 1615 230 1682 Denique
241 1633 282 1669 res
294 1633 383 1669 omnes
395 1617 486 1668 eadem
498 1617 538 1668 ris
550 1633 680 1684 causaque
691 1614 772 1683 vulgo

75 1684 226 1750 Uonficeret
238 1685 289 1737 nisi
301 1686 422 1739 materies
435 1691 532 1737 aeterna
544 1691 646 1737 teneret

75 1752 149 1805 Inter
160 1770 187 1805 se
198 1770 270 1806 nexu
281 1755 369 1806 minus
381 1760 428 1806 aut
439 1754 523 1821 magis
535 1753 698 1822 indupedita.

74 1821 170 1874 Tactus
183 1822 252 1874 enim
264 1823 311 1875 leti
324 1824 387 1875 satis
399 1828 466 1874 esset
479 1839 558 1874 eausa
569 1823 686 1890 profecto
693 1841 701 1886 ;

74 1890 185 1958 Quippe,
197 1890 244 1942 ubi
255 1893 330 1944 nulla
341 1892 427 1944 forent
440 1897 536 1943 aetemo
549 1908 661 1960 corpore,
673 1908 784 1960 quorum

74 1958 234 2012 Oontextum
246 1961 286 2013 vis
298 1961 404 2013 deberet
416 1960 555 2013 dissolvere
568 1977 685 2028 quaeque.

73 2027 111 2080 At
122 2046 201 2096 nunc,
213 2029 283 2082 inter
295 2047 321 2082 se
334 2030 396 2099 quia
407 2047 491 2082 nexus
504 2029 693 2097 principiorum

73 2095 219 2150 Dissimiles
232 2104 359 2165 constant,
373 2104 522 2166 aetemaque
533 2099 655 2151 materies
667 2104 726 2166 est‚‘

74 2165 203 2219 Incolumi
215 2173 352 2219 remanent
363 2184 404 2219 res
417 2185 529 2236 corpore,
541 2167 605 2219 dum
617 2169 680 2220 satis
693 2168 759 2220 acris

74 2234 121 2288 Vis
133 2237 209 2288 obeat
221 2252 267 2304 pro
280 2241 387 2290 textura
399 2238 526 2304 cujusque
538 2243 649 2304 reperta.

74 2304 154 2357 Haud
166 2305 250 2372 igitur
260 2305 329 2357 redit
341 2305 375 2357 ad
387 2305 501 2356 nihilum
513 2322 553 2356 res
565 2304 629 2371 ulla,
642 2305 688 2357 sed
700 2321 789 2357 omnes

72 2373 188 2426 Discidio
200 2374 312 2426 redeunt
324 2374 353 2425 in
365 2390 471 2442 corpora
483 2374 612 2426 materiai.

107 2442 248 2509 Postremo,
260 2448 372 2511 pereunt
383 2443 484 2510 imbres,
497 2443 544 2494 ubi
556 2459 599 2493 eos
610 2447 687 2510 puter
698 2441 782 2494 aether

73 2511 106 2563 In
117 2512 247 2579 gremium
258 2512 350 2564 matris
362 2514 443 2562 terrai
455 2511 645 2579 praecipitavit:

72 2579 109 2632 At
121 2580 214 2632 nitidae
227 2586 339 2648 surgunt
351 2580 447 2646 fruges,
459 2581 578 2647 ramique
590 2580 724 2632 virescunt

71 2648 230 2713 Arboribue;
248 2654 368 2702 crescunt
379 2649 450 2716 ipsae,
462 2650 580 2716 foetuque
592 2654 743 2716 gravantur.
