1928 2964
93 145 127 195 52
410 143 438 196 Τ.
457 144 626 198 LUCRETII

92 246 118 298 N
119 264 169 314 am,
181 246 251 315 quod
264 246 354 299 eadem
366 265 420 299 una
432 248 548 316 cujusvis
561 249 589 299 in
601 248 732 300 brevitate

93 316 219 384 Corporis,
231 317 301 368 inter
313 334 339 367 se
351 317 467 368 multum
479 318 579 368 variare
591 317 683 384 figurae

93 384 153 448 Non
164 391 290 453 possunt:
307 386 350 437 fac
363 386 440 452 enim,
453 386 568 437 minimis
581 385 726 454 apartibus
739 404 795 440 esse

93 454 206 522 Corpora
217 455 319 522 prima3
339 455 430 521 tribus,
443 454 485 506 vel
497 455 576 522 paulo
588 455 716 523 pluribus,
728 473 813 523 auge;

93 522 196 591 Nempe
207 523 255 574 ubi
267 540 310 575 eas
322 530 410 592 partes
422 524 501 574 unius
514 525 626 592 corporis
639 541 735 590 omnes,

93 591 201 644 Summa
214 598 296 660 atque
307 593 361 644 ima
373 592 468 658 locans,
482 599 662 644 transmutans
674 593 784 645 dextera
796 594 879 663 laevis,
896 598 902 608 “

24 701 25 704 ¹
93 661 255 713 Omnimodis
268 667 392 729 expertus
404 662 461 727 eris,
474 679 555 728 quam
568 662 679 729 quisque
691 663 736 714 det
748 664 812 716 ordo

93 730 247 782 Formarum
259 731 371 798 speciem
383 731 464 782 totius
476 731 588 798 corporis
601 733 623 798 ej
628 748 670 783 us:

93 798 169 862 Quod
181 806 304 867 superest,
318 800 340 850 si
351 800 418 851 forte
430 799 516 851 voles·
529 800 629 851 variare
641 799 747 867 figuras,
883 805 933 854 490

93 869 251 919 Addendum
264 875 351 936 partes
363 869 428 920 alias
440 869 505 931 erit;
523 869 585 920 inde
598 874 721 936 sequetur

93 937 215 988 Adsimili
226 938 335 1003 ratione,
347 938 412 989 alias
423 943 455 988 ut
467 937 582 1005 postulet
594 938 664 1004 ordo,

93 1005 121 1057 si
133 1014 164 1057 tu
176 1007 243 1058 forte
256 1006 325 1057 voles
338 1007 418 1058 etiam
430 1007 531 1058 variare
542 1007 647 1073 figuras.

93 1075 162 1142 Ergo
174 1075 317 1126 formarum
329 1076 473 1127 novitatem
485 1076 598 1144 corporis
610 1092 724 1143 augmen

93 1143 280 1211 Subsequitur:
298 1161 379 1211 quare
391 1161 444 1195 non
456 1151 495 1195 est
507 1151 538 1196 ut
550 1146 654 1197 credere
665 1144 756 1213 possis,

93 1212 156 1264 Esse
168 1213 278 1264 infinitis
290 1213 417 1265 distantia
429 1214 529 1265 semina
540 1214 630 1266 formis
640 1233 647 1276 ;

92 1281 118 1332 N
119 1300 133 1334 e
145 1282 265 1350 quaedam
277 1300 353 1349 cogas
365 1283 475 1334 immani
486 1283 653 1335 maximitate

93 1350 170 1414 Esse3
189 1369 267 1419 supra
280 1352 350 1418 quod
358 1353 416 1420 jam
428 1352 505 1403 docui
517 1369 570 1404 non
582 1369 636 1403 esse
648 1351 764 1420 probare.

127 1420 147 1472 J
148 1437 191 1471 am
202 1421 252 1471 tibi
264 1419 404 1472 barbaricae
416 1427 508 1487 vestes,
521 1421 695 1489 Meliboeaque
707 1421 815 1488 fulgens

92 1488 220 1556 Purpura,
233 1489 379 1540 Thessalico
392 1490 551 1542 concharum
562 1490 664 1541 tinctat
675 1489 766 1558 colore,
779 1497 809 1557 et
877 1494 928 1544 500

92 1557 179 1608 Aurea
190 1574 323 1624 pavonum
335 1558 432 1610 ridenti
444 1559 546 1611 imbuta
558 1559 644 1626 lepore

92 1626 181 1691 Saecla,
193 1643 260 1678 novo
272 1644 359 1678 rerum
372 1634 493 1694 superata
505 1628 596 1694 colore,
605 1630 724 1695 jacerent
734 1646 741 1691 ;

92 1695 127 1747 Et
140 1702 305 1764 contemptus
317 1696 379 1747 odor
392 1713 510 1764 smyrna,
522 1697 659 1765 mellisque
672 1713 793 1764 sapores;

92 1765 128 1817 Et
141 1780 238 1831 cycnea
249 1764 316 1816 mele
329 1764 500 1833 Phoebeaque,
513 1767 615 1819 daedala
627 1766 736 1830 chordis,

92 1834 214 1887 Carmina
226 1834 354 1885 consimili
366 1835 467 1886 ratione
479 1853 601 1904 oppresso
613 1835 718 1886 silerent
728 1853 736 1898 3

91 1905 212 1970 Namque
224 1903 282 1954 aliis
294 1903 367 1955 aliud
379 1905 547 1971 prestantius
559 1912 715 1957 exereretur.

126 1971 221 2023 Cedere
233 1973 297 2023 item
309 1979 378 2024 retro
390 1980 496 2040 possent
508 1976 537 2025 in
549 1974 687 2026 deteriores

93 2041 188 2093 Omnia
201 2043 237 2092 sic
249 2048 344 2108 partes,
357 2048 387 2092 ut
399 2041 516 2094 diximus
527 2044 556 2094 in
568 2043 693 2094 meliores.

91 2110 211 2178 Namque
223 2110 281 2162 aliis
294 2110 367 2161 aliud
379 2118 448 2162 retro
460 2129 563 2179 quoquc
575 2112 669 2163 tetrius
682 2115 749 2162 esset

91 2180 212 2246 Naribus,
226 2179 339 2245 auribus,
352 2185 432 2247 atque
445 2182 534 2248 oculis,
547 2182 648 2248 orisque
661 2180 752 2247 sapori.
880 2185 930 2235 510

127 2249 190 2313 Quae
203 2250 328 2317 quoniam
340 2267 392 2301 non
405 2257 467 2302 sunt
479 2251 508 2301 in
520 2250 596 2302 rebus
608 2250 718 2315 reddita,
731 2255 804 2301 certa
815 2256 843 2302 et

91 2318 165 2371 Finis
176 2319 308 2386 utrimque
321 2325 394 2370 tenet
408 2336 537 2371 summam
544 2339 550 2383 ;
569 2319 668 2370 fateare
680 2335 784 2370 necesse
796 2326 845 2386 est,

90 2388 232 2441 Materiam
244 2406 346 2456 quoque
358 2388 440 2439 finitis
453 2389 556 2440 differre
567 2388 665 2454 figuris.

125 2455 245 2524 Denique
257 2458 290 2509 ab
302 2457 407 2524 ignibus
419 2458 453 2509 ad
464 2458 564 2524 gelidas
576 2457 721 2524 hiemisque
732 2457 842 2524 pruinas

91 2520 211 2576 Finitum
223 2533 269 2592 est,
281 2535 403 2594 retroque
414 2527 471 2594 pari
483 2527 584 2578 ratione
596 2543 744 2578 remensum
755 2533 803 2579 est.

93 2593 182 2646 Omnis
196 2596 266 2645 enim
278 2596 347 2647 calor
359 2614 390 2647 ac
401 2596 500 2662 frigus;
518 2595 649 2663 mediique
661 2602 762 2663 tepores

196 2696 205 2716 ¹
219 2690 289 2732 vales:
307 2691 352 2731 MS.
642 2694 728 2733 ttectae
743 2690 790 2730 MS.
