1928 2964
71 159 106 208 se
378 157 406 211 r.
424 156 592 210 uucnsru
651 123 656 132 ’

73 255 226 325 Omnigenis
238 258 343 326 perfusa
355 258 483 310 coloribus
494 258 523 309 in
534 276 628 325 genere
641 257 730 310 omnii
864 259 889 309 si

73 327 249 380 Conveniebat
261 328 338 394 enim,
351 345 439 379 corvos
452 345 556 395 quoque
568 345 636 395 saepe
648 327 767 379 volantes

73 395 116 446 Ex
128 396 194 448 albis
206 396 296 447 album
308 397 400 464 pennis
408 399 510 462 Jactare
523 397 641 462 colorem,

73 464 110 516 Et
121 465 209 532 nigros
220 464 277 516 ficri
289 466 364 532 nigro
377 465 409 516 de
421 465 519 516 semine
531 481 636 532 cygnos,

73 533 130 585 Aut
142 534 194 586 alio
206 534 297 601 quovis
310 551 361 586 uno
373 534 496 602 varioque
508 534 598 586 colore.

110 602 181 665 Quin
193 603 280 667 etiem,
293 608 392 671 quanto
403 603 432 653 in
444 607 532 670 partes
544 620 584 655 res
597 619 707 670 quaeque
718 601 838 654 minutas

74 669 238 722 Distrahitur
249 672 340 738 magis,
352 672 401 723 hoc
413 671 497 738 magis
509 677 549 723 est
561 677 592 722 ut
604 688 708 723 cernere
720 672 803 739 possis
820 671 824 680 '

74 737 235 791 Evanescere
247 741 376 807 paulatim
388 740 540 807 stinguique
551 741 676 792 colorem:

75 807 113 859 Ut
125 807 163 871 fit,
175 807 221 859 ubi
234 809 263 859 in
275 826 368 876 parvas
380 816 467 876 partes
480 809 637 876 discerpitur
649 826 751 875 aurum,

75 875 203 944 Purpura,
215 879 399 946 poeniceusque
410 878 480 929 color
491 877 644 930 clarissimu’
656 878 749 944 multo,

75 944 184 996 Filatim
197 962 277 1013 quum
289 946 445 998 distractum
457 953 504 1014 est,
516 947 676 1014 disperditur
687 948 784 1000 omnis:
866 949 889 998 a

75 1014 187 1065 Noscere
198 1020 229 1066 ut
241 1015 303 1071 hinc
314 1015 396 1083 possis
408 1015 480 1082 prius
493 1033 596 1067 omnem
608 1015 694 1067 efflare
706 1016 819 1068 colorem

76 1081 230 1149 Particuias,
243 1101 321 1151 quam
333 1083 469 1136 discedant
480 1084 515 1136 ad
528 1085 627 1136 semina
638 1102 733 1136 rerum.

111 1151 252 1218 Postremo,
265 1153 389 1220 quoniam
400 1170 454 1204 non
466 1154 553 1205 omnia
565 1170 671 1221 corpora
682 1170 773 1205 vocem

77 1219 185 1272 Mittere
197 1221 323 1288 concedis,
336 1239 421 1289 neque
433 1222 550 1274 odorem:
569 1229 706 1291 propterea
717 1222 756 1288 fit,

77 1290 115 1342 Ut
127 1307 181 1341 non
193 1291 312 1341 omnibus
324 1291 453 1343 attribuas
466 1291 565 1342 sonitus
578 1298 605 1343 et
617 1291 718 1343 odores:

78 1358 128 1425 Sic,
142 1359 223 1411 oculis
235 1360 358 1427 quoniam
368 1377 423 1411 non
434 1359 522 1412 omnia
534 1377 638 1411 cernere
650 1360 762 1427 quimus,
799 1367 801 1372 '

78 1427 148 1480 Scire
160 1428 229 1493 licet,
242 1429 363 1495 quaedam
375 1435 431 1480 tam
443 1435 560 1480 constare
572 1428 634 1480 orba
645 1428 736 1495 colore,

79 1496 164 1559 Quam
177 1496 232 1547 sine
244 1497 321 1548 odore
333 1497 388 1549 ullo
401 1498 528 1564 quaedam,
541 1498 680 1565 sonituque
692 1503 806 1552 remota:

78 1564 134 1616 Nec
145 1565 231 1616 minus
243 1565 300 1617 haec
312 1567 430 1618 animum
442 1583 594 1633 cognoscere
606 1583 679 1635 posse
691 1583 819 1634 sagacem,

79 1632 164 1697 Quam
176 1651 235 1701 quae
247 1641 309 1687 sunt
321 1635 380 1688 aliis
391 1635 469 1686 rebus
481 1635 585 1703 privata
596 1636 723 1703 notisque.
867 1639 889 1690 82

112 1753 218 1806 Atomos
229 1770 275 1805 aec
286 1752 392 1806 colorem
404 1770 449 1805 aec
461 1753 561 1806 odorem
573 1770 733 1806 cccccccccc
745 1772 791 1807 aec
795 1754 889 1825 frique

361 1840 407 1875 mc
418 1822 527 1874 colorem
538 1822 643 1875 haberes

115 1906 165 1959 Sed
177 1925 211 1959 ne
223 1909 290 1960 forte
301 1914 385 1977 putes,
399 1908 451 1960 solo
464 1908 575 1976 spoliata
587 1908 670 1960 colore

80 1976 192 2044 Corpora
203 1976 289 2045 prima
300 1995 418 2040 manere;
437 1977 517 2028 etiam
529 1984 628 2029 secrete
640 1977 737 2044 teporis

80 2045 149 2098 Sunt
160 2062 191 2096 ac
203 2045 305 2112 frigoris
318 2047 422 2098 omnino
435 2046 565 2114 calidique
577 2046 680 2114 vaporis
687 2065 694 2110 ;

80 2113 117 2166 Et
129 2115 216 2166 sonitu
228 2115 317 2167 sterila
330 2122 356 2167 et
369 2132 444 2166 succo
453 2117 545 2182 jejuna
556 2115 679 2166 feruntur
686 2134 693 2178 ;

81 2182 136 2235 Nec
145 2184 250 2253 jaciunt
261 2183 347 2235 ullum
359 2184 493 2252 proprium
505 2185 537 2235 de
550 2201 654 2252 corpore
667 2185 779 2237 odorem.

81 2252 156 2304 Sicut
168 2253 311 2304 amaracini
323 2253 449 2305 blandum
462 2259 603 2321 stactaeque
616 2253 744 2320 liquorem

81 2322 117 2374 Et
129 2322 155 2374 N
155 2322 212 2374 ardi
224 2321 321 2388 florem,
333 2329 425 2374 nectar
437 2322 483 2390 qui
495 2323 601 2373 naribus
614 2322 695 2388 halat,

82 2391 169 2455 Quum
181 2391 267 2442 facere
279 2391 416 2444 instituas:
435 2391 587 2459 cumprimis
599 2408 714 2458 quaerere
726 2408 774 2459 par
787 2397 834 2459 est,

83 2459 160 2520 Quod
172 2460 235 2511 licet
247 2477 277 2511 ac
289 2461 370 2528 possis
382 2461 502 2528 reperire,
515 2460 637 2511 inolentis
650 2460 714 2511 olivi

81 2528 221 2594 Naturam,
233 2529 334 2580 nullam
347 2547 405 2596 quae
417 2530 508 2580 mittat
520 2529 627 2581 naribus
640 2546 745 2581 auram:
873 2534 889 2583 8

83 2596 167 2660 Quam
180 2598 288 2649 minime
300 2604 330 2649 ut
342 2600 423 2665 possit
435 2599 532 2649 mixtos
544 2598 572 2648 in
585 2614 689 2665 corpore
702 2598 800 2666 odores,

83 2665 274 2732 Ooncoctosque
287 2684 333 2717 suo
346 2675 478 2718 contactos
490 2667 596 2725 perdere
608 2667 671 2720 viro.
