1928 2964
72 152 107 201 20
385 149 413 203 Τ.
432 150 599 203 LUORETII

73 251 242 319 Conceptum
255 269 386 304 summum
399 253 484 304 aetatis
496 253 637 320 pervadere
648 254 743 317 finem;

71 320 97 372 N
98 338 141 372 am
153 321 256 389 quidvis
269 323 347 373 citius
359 322 465 373 dissolvi
477 339 551 389 posse
563 323 689 389 videmus,

73 390 158 453 Quam
169 407 260 442 rursus
272 392 359 442 refici:
378 399 536 459 quapropter
548 391 627 458 longa
638 392 691 443 diei

72 459 181 512 Infinita
193 468 257 512 aetas
269 461 385 512 anteacti
398 461 521 528 temporis
534 462 625 526 omnis,

72 528 147 591 Quod
159 529 279 596 fregisset
291 530 384 596 adhuc,
397 528 546 581 disturbans
559 529 761 597 dissoluensque‚

72 597 104 648 ld
116 615 252 665 nunquam
264 599 364 666 reliquo
376 599 491 666 reparari
504 605 619 665 tempore
632 606 735 666 posset:

70 667 108 717 At
120 684 191 719 nuno
204 668 328 719 nimirum
340 668 480 734 frangendi
491 667 595 719 reddita
607 668 667 719 finis

71 736 148 788 Certa
159 743 256 803 manet,
269 738 391 805 quoniam
403 737 474 788 refici
486 754 541 788 rem
554 753 685 804 quamque
697 737 826 806 videmus,

71 805 107 857 Et
118 806 194 857 finita
207 806 285 857 simul
297 807 443 873 generatim
454 814 572 874 tempora
584 806 661 858 rebus

72 874 154 941 Stare,
167 875 261 943 quibus
274 877 375 943 possint
386 876 437 928 aevi
449 876 600 943 contingere
612 875 708 928 florem.

202 990 243 1043 De
254 991 330 1044 molli
341 1001 440 1045 notura
451 1010 533 1062 oquae,
545 992 615 1044 aeris
626 1002 649 1045 et
661 1001 777 1046 ceterum

106 1077 168 1129 Huc
180 1078 288 1145 accedit,
301 1079 341 1131 uti
354 1078 509 1130 solidissima
520 1079 642 1130 materiai

72 1146 184 1215 Corpora
196 1165 277 1215 quum
289 1154 418 1214 constant,
430 1149 530 1216 possint
543 1154 631 1199 tamen
644 1148 732 1200 omnia
743 1148 820 1200 reddi

72 1216 173 1283 Mollia,
186 1234 244 1285 quae
257 1217 334 1284 fiunt,
346 1234 415 1285 aqua
427 1224 454 1269 et
465 1219 518 1283 aer,
531 1223 607 1282 terra,
620 1233 736 1284 vapores,

73 1286 131 1349 Quo
144 1294 220 1354 pacto
232 1288 305 1353 fiant,
319 1294 345 1339 et
358 1303 410 1354 qua
422 1287 450 1338 vi
462 1296 611 1354 quumque¹
623 1290 757 1353 gerantur,

72 1356 229 1407 Admixtum
242 1357 366 1422 quoniam
379 1355 457 1407 simul
469 1362 508 1407 est
521 1356 550 1407 in
561 1355 638 1407 rebus
649 1355 736 1407 inane

72 1424 108 1476 At
121 1433 219 1491 eontra,
232 1426 253 1477 si
265 1425 355 1477 mollia
368 1427 421 1477 sint
432 1425 574 1492 primordia
585 1441 680 1490 rerum,

72 1493 149 1544 Unde
162 1500 259 1560 queant
271 1495 353 1546 validi
366 1495 450 1546 silices
462 1495 611 1560 ferrumque
624 1492 713 1560 creari,

72 1561 97 1612 N
98 1579 132 1613 on
144 1564 241 1630 poterit
252 1565 319 1616 ratio
331 1565 423 1616 reddi:
441 1580 504 1615 nam
515 1563 636 1614 funditus
648 1561 732 1614 omnis

72 1630 204 1699 Principio
217 1632 383 1686 fundamenti
395 1639 490 1684 natura
502 1632 607 1684 carebit.

72 1699 142 1752 Sunt
154 1701 237 1768 igitur
250 1703 332 1754 solida
343 1703 470 1770 pollentia
482 1701 666 1769 simplicitate;

73 1769 189 1832 Quorum
201 1772 329 1823 condenso
341 1772 425 1839 magis
437 1772 525 1823 omnia
538 1770 681 1822 conciliatu

71 1839 176 1891 Arctari
188 1849 303 1908 possunt,
316 1841 467 1908 validasque
480 1840 614 1899 ostendere
626 1839 700 1891 vires.

107 1909 195 1976 Porro,
209 1911 230 1960 si
243 1911 317 1962 nulla
329 1919 368 1962 est
380 1910 531 1977 frangendis
543 1909 646 1961 reddita
658 1907 718 1959 finis

73 1978 234 2048 Corporibus,
247 1987 336 2031 tamen
348 1998 381 2032 ex
394 1987 491 2031 aetemo
504 1985 619 2046 tempore
632 1994 742 2045 quaeque

72 2048 98 2099 N
100 2067 151 2101 unc
164 2049 244 2101 etiam
257 2067 378 2116 superare
390 2066 493 2100 necesse
505 2054 545 2099 est
557 2065 663 2115 corpora
675 2046 760 2113 rebus,

73 2118 137 2181 Quae
149 2119 279 2170 nondum·
292 2119 398 2170 clueant
411 2119 463 2170 ullo
476 2123 579 2169 tentata
591 2116 694 2184 periclo.

72 2188 109 2239 At
121 2189 244 2256 quoniam
256 2189 345 2254 fragili
357 2195 452 2240 natura
464 2187 575 2255 praedita
588 2190 716 2252 constant,

72 2257 216 2326 Discrepat,
230 2263 358 2308 aeternum
370 2263 474 2324 tempus
487 2257 602 2324 potuisse
613 2271 720 2306 manere

73 2326 312 2380 Innumerabilibus
325 2327 408 2395 plagis
421 2333 517 2378 vexata
529 2343 575 2393 per
587 2342 681 2376 aevum.

107 2397 234 2465 Denique,
243 2399 301 2464 jam
313 2397 435 2464 quoniam
447 2395 593 2463 generatim
605 2394 710 2445 reddita
721 2391 781 2446 finis

73 2465 221 2518 Crescendis
233 2466 311 2518 rebus
323 2473 432 2531 constat,
445 2466 578 2532 vitamque
591 2463 706 2529 tenendi,

73 2534 108 2585 Et
120 2537 183 2601 quid
195 2553 305 2604 quaeque
318 2542 423 2603 queant,
435 2552 481 2602 per
492 2534 591 2585 foedera
603 2533 718 2596 naturai,

74 2603 142 2668 Quid
154 2622 229 2674 porro
242 2611 381 2673 nequeant,
389 2604 519 2656 sancitum
527 2599 740 2670 quandoquidem
747 2603 836 2652 exstat
843 2618 851 2664 ;

164 2707 287 2751 'quaqua
301 2701 348 2740 MS.
521 2703 529 2723 ⁸
543 2710 585 2736 non
595 2697 647 2735 dure
657 2699 746 2746 queant3
762 2694 811 2734 MS.
