1928 2964
327 139 437 192 amaa
455 139 628 202 QUARTUS.
845 147 894 194 115

54 241 104 294 Sed
116 240 202 308 magis
213 257 368 292 unversum:
386 239 495 308 fierique
506 241 614 308 perinde
626 241 746 293 videmus

54 311 89 363 (lo
136 327 166 362 re
177 316 237 362 tum
248 309 340 376 plagas
352 309 381 360 in
392 315 487 376 nostro,
500 315 627 377 tanquam
638 310 734 378 aliquae
746 328 787 362 res

54 328 188 444 Velldret
200 384 281 446 atque
292 379 334 430 sui
346 379 391 430 det
402 396 508 430 sensum
520 380 631 447 corporis
644 385 726 432 ext-ra

54 448 192 514 Praeterea,
204 447 320 516 lapidem
332 447 416 514 digito
429 465 511 515 quum
523 448 667 514 tundimus,
680 449 768 516 ipsum

54 517 197 584 langimus
210 521 358 568 extremum
370 517 435 583 sari,
447 533 631 583 summumque
644 518 770 579 colorem;

54 586 109 639 Nec
122 586 249 638 sentimus
262 603 324 637 eum
335 591 418 653 tactu,
431 602 522 637 verum
534 586 618 652 magis
630 586 714 654 ipsam

53 655 187 707 Duritiem
198 655 305 723 penitus
317 655 375 706 saxi
387 655 515 706 sentimus
526 655 555 706 in
567 655 629 707 alto.

218 774 296 829 Ultro
307 775 439 846 speculam
451 793 499 828 our
510 774 633 827 videatur
644 774 739 844 imago.

88 861 169 913 Nunc
180 879 236 928 age,
249 878 295 914 car
305 862 378 913 ultra
389 861 524 929 speculum
536 861 656 913 videatur
667 859 762 927 imago,
845 861 896 911 270

54 930 178 998 Percipe:
196 948 259 982 nam
270 937 341 982 certe
352 931 458 998 penitus
469 935 570 981 remota
581 929 693 982 videtur.

56 998 132 1062 Quod
144 1017 228 1066 genus
238 1000 293 1067 illa,
305 1000 367 1051 foris
379 1016 437 1067 quae
448 1017 508 1051 vere
521 1004 593 1050 trans
612 999 736 1063 iciuntur‚

55 1067 75 1120 J
75 1085 146 1120 anua
159 1085 242 1137 quum
253 1087 300 1137 per
312 1085 339 1120 ae
351 1074 530 1136 transpectum
542 1085 595 1135 prae
628 1073 641 1119 t
652 1073 780 1135 apertum,

55 1135 145 1189 Multa
155 1137 272 1206 facitque
282 1138 345 1190 foris
357 1154 390 1190 ex
402 1137 503 1190 adibus
513 1142 544 1189 ut
556 1136 695 1188 videantur
705 1153 711 1187 ε

55 1205 84 1256 Is
94 1207 198 1274 quoque
210 1207 280 1261 enim
292 1206 393 1274 duplici
404 1206 559 1274 geminoque
571 1205 602 1256 fit
614 1207 675 1257 aere
687 1205 765 1258 visus.

55 1273 160 1332 Primus
172 1276 243 1327 enirn
255 1277 320 1328 eitra
331 1281 418 1343 postes
429 1274 595 1327 concernitur
606 1276 663 1326 aer:

56 1343 123 1394 Inde
134 1343 202 1395 fores
214 1344 277 1412 ipsae
289 1344 383 1396 dextra
394 1345 512 1411 laevaque
524 1349 670 1410 sequuntur
676 1361 685 1407 ;

56 1411 120 1464 Post
132 1414 247 1465 extraria
258 1414 307 1464 lux
318 1413 405 1465 oculos
416 1417 556 1482 perterget,
569 1419 596 1464 et
608 1414 654 1464 aer

56 1480 140 1547 Alter,
152 1486 179 1533 et
190 1482 245 1548 illa,
256 1482 318 1534 foris
331 1499 389 1549 quae
401 1499 461 1536 vere
473 1481 689 1548 transpiciuntur.

57 1549 107 1615 Sic,
119 1550 166 1602 ubi
177 1568 205 1602 se
216 1551 441 1619 primum-speculi
452 1551 561 1619 projecit
573 1550 667 1617 imago,
845 1551 896 1598 280

57 1617 129 1670 Dum
140 1620 214 1679 venit
226 1621 259 1671 ad
271 1626 372 1672 nostras
384 1621 460 1686 acies,
472 1619 594 1687 procudit
606 1619 716 1686 agitque
735 1658 737 1661 .

56 1687 135 1755 Aera,
148 1689 194 1755 qui
205 1688 275 1740 inter
287 1707 313 1742 se
325 1707 438 1757 cumque
450 1696 489 1740 est
501 1689 639 1756 oculosque
651 1686 759 1753 loc‘atus,

57 1755 93 1808 Et
104 1757 177 1821 facit,
189 1764 220 1809 ut
232 1758 304 1826 prius
316 1758 388 1810 hunc
400 1775 503 1810 omnem
516 1757 611 1808 sentire
623 1773 757 1824 queamus,

58 1825 144 1889 Quam
151 1827 298 1894 speculum:
312 1827 357 1879 sed
362 1827 408 1878 ubi
416 1826 552 1895 speculum
557 1843 660 1894 quoque
665 1826 792 1877 sensimus
801 1825 896 1892 ipsum,

57 1895 188 1947 (lentium
201 1912 217 1947 a
228 1896 302 1948 nobis
313 1896 342 1948 in
353 1913 422 1963 eum,
434 1913 493 1964 quoe
504 1895 596 1961 femur,
608 1896 695 1962 imago

57 1962 190 2029 Pervenit,
203 1969 229 2016 et
241 1971 341 2021 nostros
353 1965 441 2017 oculos
452 1967 549 2032 rejecta
564 1965 667 2016 revisit:
695 1966 698 1973 '

57 2032 145 2100 Atque
157 2032 239 2084 alium
251 2047 304 2102 praa
317 2051 343 2086 se
355 2034 501 2102 propellens
513 2034 576 2085 a'e'ra
587 2033 685 2096 volvit;

57 2101 93 2152 Et
104 2101 178 2168 facit,
190 2108 221 2153 ut
233 2103 306 2170 prius
317 2102 398 2170 hunc,
409 2120 487 2170 quam
500 2120 534 2169 se,
546 2102 695 2155 videamus:
713 2118 793 2170 eoque

57 2169 163 2222 Distare
174 2188 192 2222 a
203 2171 306 2239 speculo
318 2177 424 2224 tautum
436 2178 534 2223 semota
546 2172 656 2224 videtur.

59 2239 146 2303 Quare
155 2239 235 2291 etiam
246 2246 327 2308 atque
338 2241 419 2293 etiam
429 2241 538 2292 minime
549 2241 666 2292 mirarier
678 2244 718 2292 est
729 2255 777 2306 par
846 2237 898 2286 290

59 2307 123 2374 Illis,
136 2324 196 2376 quae
207 2309 321 2361 reddunt
333 2310 497 2377 speculorum
508 2327 540 2361 ex
553 2326 655 2377 aequore
667 2309 759 2373 visum,

58 2377 174 2429 Aeribus
184 2377 266 2442 binis;
283 2379 407 2447 quoniam
419 2396 459 2430 res
472 2379 552 2430 confit
563 2386 681 2445 utraque.

92 2446 119 2500 N
120 2463 172 2499 unc
184 2463 222 2514 ea,
235 2463 292 2515 quae
304 2447 379 2501 nobis
390 2448 566 2499 membrorum
577 2447 687 2498 dextera
698 2461 758 2512 pars
769 2448 817 2508 est,

60 2515 93 2568 In
104 2515 217 2586 speculis
228 2516 260 2568 fit
271 2517 313 2568 uti
324 2516 391 2568 lava
403 2517 531 2584 videatur,
544 2533 573 2568 eo
586 2514 655 2582 quod

60 2584 202 2638 Planitiem
213 2585 248 2638 ad
259 2585 359 2654 speculi
368 2587 475 2638 veniens
487 2602 569 2653 quum
581 2582 689 2635 offendit
701 2582 795 2650 imago,

59 2653 119 2708 Non
130 2654 293 2709 convertitur
304 2654 457 2717 incolumis;
473 2655 519 2705 sed
530 2659 603 2705 recta
613 2658 753 2704 retrorsum
