1928 2964
351 109 460 164 LIBER
477 110 635 164 TERTIUS.
692 152 695 158 ⁴
859 116 908 164 101

242 246 316 314 Quid
326 247 434 318 effetam
439 247 597 318 postsecus
608 246 730 316 alicujus.

98 339 159 392 Hoc
172 339 253 391 etiem
265 340 376 406 faciunt,
388 340 434 392 ubi
450 339 611 406 discubuere,
624 346 769 407 tenentque

63 407 164 460 Pocula
176 425 246 476 esepe
257 408 383 474 homines,
396 414 423 460 et
435 409 589 461 inumbrcnt
601 426 646 462 ora
659 410 768 475 coronis,

63 475 107 528 Ex
119 479 208 530 animo
220 482 252 531 ut
266 478 364 541 dicant,
373 478 464 530 Brevis
476 479 520 530 hic
532 484 572 530 est
583 479 687 530 fructus
697 478 822 531 homullis
834 456 869 531 sl
875 463 880 498 ³
891 465 945 505 “ii

63 545 84 597 J
84 563 129 598 am
141 546 230 612 fuerit,
243 562 328 614 neque
339 552 398 614 post
410 563 533 626 unqumrp
540 564 661 599 revocare
672 546 769 599 licebit.

63 613 203 735 Tanoqluam
214 615 243 667 in
254 621 338 667 morte
349 615 414 667 meli
426 616 577 683 cumprimis
589 616 638 667 hoc
651 616 686 668 sit
698 633 794 684 eorum,

64 682 107 745 Qu
154 683 211 736 sitis
223 689 318 736 exurat
328 684 442 750 miseros,
455 689 535 752 atque
547 685 621 736 crida
633 690 730 737 torrent
742 704 749 748 ;
854 689 905 739 930

63 751 121 806 Aut
132 752 192 805 alies
204 754 278 820 cujus
290 752 449 805 desiderium
459 753 573 805 insideat
585 756 632 805 rei.

63 819 120 872 Nec
132 821 183 872 sibi
194 821 265 875 enim
277 822 418 889 quisquam
430 827 488 874 tum
501 838 527 874 ee
539 822 674 889 vitamque
686 822 802 890 requirit,

64 888 153 952 Quum
165 891 264 958 pariter
274 907 348 943 mens
360 896 389 942 et
400 907 493 958 corpus
506 891 591 958 sopite
603 891 757 958 quiescunt:

63 957 134 1026 Nam
146 958 209 1013 licet
220 964 349 1012 aeternum
360 976 407 1027 pcr
418 976 465 1011 nos
479 959 516 1010 sic
528 977 583 1012 esse
595 977 725 1027 soporem:

63 1025 119 1079 Nec
131 1027 289 1079 desiderium
301 1029 384 1081 nostri
395 1045 442 1080 nos
454 1028 547 1095 attigit
558 1028 660 1080 ullum:

64 1095 99 1148 Et
111 1101 201 1148 tamen
213 1097 419 1164 haudquaquam
431 1102 532 1150 nostros
543 1102 609 1149 tunc
621 1097 668 1149 ille
679 1115 726 1165 per
738 1103 810 1151 artus

62 1164 152 1232 Longe
164 1165 198 1216 eb
210 1166 339 1221 sensiferis
352 1165 494 1233 primordia
505 1165 620 1218 motibus
631 1173 736 1219 errent:

63 1233 135 1298 Quin
147 1239 279 1302 correptus
291 1235 368 1287 homo
380 1252 413 1286 ex
426 1252 516 1286 somno
529 1252 556 1286 se
568 1235 668 1302 colligit
680 1235 743 1304 ipse.

61 1300 150 1355 Multo
162 1302 246 1370 igitur
255 1308 367 1356 mortem
378 1304 465 1355 minus
478 1304 512 1356 ad
524 1321 571 1356 nos
583 1322 638 1357 esse
648 1306 799 1372 putandum
809 1325 815 1366 3

61 1370 90 1423 Si
102 1371 190 1423 minus
201 1389 255 1424 esse
267 1378 360 1440 potest,
374 1389 453 1439 quam
465 1373 534 1439 quod
546 1373 613 1425 nihil
626 1390 680 1426 esse
692 1373 819 1427 ridemus.
846 1377 899 1426 940

60 1438 148 1507 Major
160 1440 230 1492 enim
241 1441 325 1494 turbe
337 1441 462 1508 disjectus
473 1442 594 1494 materiei

61 1508 235 1576 Consequitur
246 1510 300 1563 leto
310 1510 383 1573 ;‘nec
395 1510 534 1578 quisquam
546 1510 698 1578 expergitus
710 1516 804 1579 exstat,

60 1576 171 1644 Frigida
182 1594 259 1646 quem
272 1579 351 1632 semel
363 1585 402 1632 est
414 1579 481 1632 vitai
493 1597 576 1647 pausa
588 1586 685 1633 secuta.
772 1618 776 1622 -

95 1646 216 1714 Denique
228 1648 250 1698 si
261 1665 351 1702 vocem
362 1665 451 1700 rerum
462 1654 559 1700 netura
570 1657 678 1717 repente

28 1714 163 1785 k,Mittat
175 1721 203 1768 et
214 1716 263 1770 hoc
274 1717 355 1770 alicui
366 1723 487 1769 nostrum
499 1717 535 1769 sic
549 1718 667 1786 increpet
678 1719 748 1787 ipsa:

59 1784 131 1848 Quid
143 1784 193 1837 tibi
205 1789 341 1854 tantopere
353 1791 400 1852 est,
412 1786 538 1853 mortalis,
550 1787 621 1854 qued
633 1788 712 1839 nimis
724 1789 800 1856 aegris

59 1851 188 1906 Luctibus
198 1853 320 1921 indulges
330 1854 340 1906 l
358 1855 422 1922 quid
433 1860 545 1907 mortem
557 1856 689 1923 congemis
701 1874 732 1909 ac
743 1858 809 1910 flesl

58 1921 130 1974 Nem
140 1927 248 1989 gratum
259 1923 340 1977 fuerit
352 1923 402 1975 tibi
414 1923 471 1976 vita
479 1930 541 1976 ante
553 1931 613 1977 ecte
624 1925 753 1996 priorque,

58 1990 95 2043 Iu
106 2007 161 2043 non
168 1992 266 2059 omnia,
278 1998 415 2060 pertusum
427 1999 550 2060 congesta
562 1994 637 2062 quasi
648 1995 677 2046 in
689 2013 743 2063 ras,

58 2059 200 2113 Commode
210 2061 363 2130 perfluxere,
375 2068 455 2130 atquc
467 2062 572 2128 ingrata
583 2063 721 2117 interiere:
846 2066 897 2116 950

58 2128 112 2181 (iur
123 2145 185 2198 non,
196 2135 229 2183 ut
240 2129 333 2198 plenus
345 2131 409 2183 vitas
421 2131 539 2198 convive,
550 2133 657 2199 recedis,

57 2197 147 2266 AEquo
157 2197 296 2266 animoque
308 2199 380 2267 cepis
392 2216 517 2266 securam,
530 2201 627 2283 stulte„
632 2201 747 2269 quietem
759 2200 769 2253 l

57 2265 105 2319 sin
117 2282 155 2333 aa,
166 2278 227 2336 quse
236 2267 340 2323 fructus
352 2285 487 2336 quumque
499 2287 533 2336 es,
546 2271 645 2339 periere
657 2268 770 2337 profuse,

57 2335 174 2405 vitaque
183 2332 215 2393 iri
224 2335 322 2395 offenso
334 2342 375 2388 est
386 2356 393 2400 ;
411 2355 458 2390 cur
470 2339 583 2406 emplius
596 2338 691 2390 addere
702 2337 804 2404 queris,

24 2436 28 2442 -
57 2403 254 2475 Rursum'quod
266 2411 363 2473 pereat,
375 2407 447 2472 meli,
460 2411 486 2458 et
498 2407 633 2474 ingratum
645 2406 747 2458 occidat
759 2423 851 2459 omne:

55 2472 82 2525 N
82 2490 112 2526 ec
123 2473 213 2544 potius
224 2474 287 2527 vitae
298 2475 379 2526 finem
391 2474 463 2541 facis,
476 2481 555 2542 etque
567 2474 683 2527 laborisl

54 2542 126 2597 Nam
137 2542 187 2597 tabi
198 2548 333 2613 proeteree,
344 2545 415 2611 quod
426 2544 562 2596 machiner
573 2544 758 2611 inveniamque

56 2611 132 2678 Quod
144 2612 256 2683 placeat,
268 2612 336 2665 nihil
348 2619 403 2667 est:
422 2613 513 2665 eedem
525 2619 588 2666 sunt
600 2613 688 2668 omnia
700 2631 807 2683 semper.
902 2639 947 2742 ‘q

783 2870 836 2877 .—.
