1928 2964
338 112 447 170 LIBER
463 111 607 166 PRIMUS.
860 114 892 162 13

51 215 135 284 Signa
145 231 243 267 manus
253 213 359 267 dextras
370 214 513 266 ostendunt
525 212 659 266 attenuari

52 285 128 353 Saepe
141 284 304 336 salutantum
315 288 391 336 tactu
402 288 548 352 preterque
559 289 703 334 meantum.

52 353 119 405 Haec
130 353 215 420 igitur
224 352 319 419 minui,
330 369 413 420 quum
425 353 479 404 sint
490 351 595 417 detrita,
607 351 742 414 videmus5
841 353 893 401 320

52 421 112 489 Sed,
125 439 186 489 quae
198 438 305 489 corpora
316 421 445 473 decedant
456 421 485 471 in
497 426 614 488 tempore
625 435 737 487 quoque,

53 491 151 544 Invida
162 490 297 558 praeclusit
309 490 421 557 speeiem
432 495 529 542 natura
541 488 654 540 videndi.

88 559 232 624 Postremo,
245 575 417 626 quaecumque
429 558 484 610 dies
496 563 643 625 naturaque
654 557 731 609 rebus

54 628 192 681 Paulatim
204 627 304 692 tribuit,
317 627 472 688 moderatim
484 643 597 678 crescere
609 643 710 693 cogens,
796 635 802 653 ¹

54 696 138 749 Nulla
149 701 236 765 potest
248 696 384 748 oculorum
395 695 462 747 acies
475 701 599 747 contenta
612 696 681 747 tueri
688 715 695 758 ;

53 764 110 818 Nec
123 781 200 834 porro
212 781 383 832 quaecumque
396 781 450 816 aevo
462 765 597 831 macieque
609 769 762 817 senescunt:

54 834 111 886 Nec
122 851 197 886 mare
208 850 267 901 quae
279 832 433 901 impendent
446 850 521 884 vesco
533 833 587 884 sale
599 850 663 885 saxa
674 851 772 902 peresa,

56 903 127 967 Quid
140 918 244 971 quoque
256 903 383 954 amittant
394 902 423 953 in
434 907 558 969 tempore,
570 919 674 954 cernere
686 903 774 971 possis.

56 971 214 1040 Corporibus
226 971 301 1022 oaecis
312 971 396 1037 igitur
407 977 503 1022 natura
515 970 583 1037 gerit
595 987 643 1023 res.

90 1041 117 1093 N
118 1057 148 1092 ec
160 1046 251 1092 tamen
262 1039 379 1107 undique
391 1057 512 1106 corporea
525 1039 623 1106 stipata
634 1045 759 1092 tenentur
845 1043 896 1092 330

58 1109 154 1162 Omnia
165 1115 263 1160 natura
270 1127 277 1172 ;
295 1124 408 1176 namque
420 1113 460 1159 est
472 1109 500 1159 in
512 1107 589 1159 rebus
601 1109 693 1162 inane:

59 1177 136 1243 Quod
147 1176 199 1229 tibi
210 1193 332 1244 cognosse
344 1177 373 1227 in
385 1177 476 1228 multis
489 1177 539 1228 erit
550 1177 617 1228 utile
629 1178 719 1230 rebus:

58 1247 113 1299 Nec
127 1247 196 1298 sinet
208 1251 338 1297 errantem
350 1245 471 1297 dubitare
483 1252 510 1297 et
523 1263 637 1312 quaerere
651 1264 751 1314 semper

57 1316 97 1369 De
109 1331 214 1368 summa
224 1331 319 1380 rerum,
332 1319 359 1365 et
371 1314 466 1366 nostris
478 1314 594 1366 diffidere
607 1315 690 1368 dictis.

59 1386 226 1518 gqppropter
237 1383 314 1503 locust
322 1383 495 1503 esqplntacttps,
507 1384 593 1450 inane,
605 1401 759 1465 vacansque,

148 1470 171 1504 er
183 1469 236 1504 non
247 1469 302 1504 esse
333 1469 352 1502 n
392 1469 408 1502 a
420 1469 449 1503 ra
462 1469 521 1504 rone
532 1470 631 1505 moven

60 1522 111 1574 Res
124 1526 244 1590 possent3
262 1493 385 1587 namque,
397 1521 511 1572 officium
524 1522 593 1588 quod
605 1522 717 1591 corporis
730 1529 824 1589 exstat,

60 1591 170 1644 Officere
182 1596 262 1659 atque
268 1589 383 1656 obstare,
395 1589 423 1641 id
434 1590 463 1640 in
476 1591 546 1641 omni
560 1597 675 1658 tempore
687 1592 788 1644 adesset

60 1659 204 1712 Omnibus:
221 1659 294 1710 hand
306 1659 389 1725 igitur
401 1659 544 1726 quidquam
556 1661 693 1727 procedere
706 1669 799 1728 posset,

60 1727 227 1796 Principium
240 1728 363 1795 quoniam
374 1728 484 1779 cedendi
495 1728 570 1780 nulla
582 1728 657 1781 daret
669 1747 716 1782 res.
847 1733 899 1780 340

60 1798 97 1849 At
110 1813 183 1848 nunc
195 1813 241 1864 per
252 1797 335 1847 maria
347 1813 377 1848 ac
390 1803 472 1848 terras
484 1796 648 1864 sublimaque
660 1799 719 1850 coeli

61 1866 150 1918 Multa
162 1865 247 1916 modis
258 1865 350 1916 multis
362 1867 434 1917 varia
446 1866 547 1917 ratione
559 1867 657 1918 moveri

62 1935 200 1987 Cernimus
212 1939 273 1986 ante
285 1934 385 1997 oculos;
404 1951 470 2001 quae,
483 1935 504 1986 si
517 1952 569 1986 non
582 1941 648 1987 esset
660 1936 746 2003 inane,

62 2004 122 2056 Non
135 2009 192 2055 tam
204 2003 315 2054 sollicito
326 2008 400 2054 motu
413 2003 516 2070 privata
529 2011 654 2071 carerent,

64 2073 149 2136 Quam
162 2072 253 2138 genita
265 2071 370 2123 omnino
382 2071 457 2124 nulle
468 2073 569 2125 ratione
581 2074 707 2126 fuissent:

64 2141 189 2208 Undique
201 2140 322 2192 materies
335 2141 459 2206 quoniam
471 2142 569 2208 stipata
581 2143 701 2209 quiesset.

99 2209 239 2275 Praeterea,
252 2209 371 2277 quamvis
384 2209 472 2261 solidae
483 2227 524 2262 res
537 2228 590 2262 esse
602 2217 738 2279 putentur,

65 2278 137 2342 Hinc
149 2283 240 2330 tamen
252 2295 306 2329 esse
318 2277 380 2328 licet
392 2295 449 2330 raro
462 2296 521 2330 cum
534 2296 638 2348 corpore
651 2297 741 2332 cernas

66 2346 98 2398 ln
110 2348 182 2399 saxis
194 2364 226 2399 ac
237 2347 368 2415 speluncis
398 2354 516 2400 ermanat
528 2365 656 2416 aquarum

66 2415 193 2485 quuidus
205 2416 307 2480 humor,
320 2420 347 2467 et
359 2433 378 2467 u
410 2416 481 2467 ribus
493 2417 558 2468 flent
570 2418 658 2469 omnia
672 2417 770 2483 guttis:
851 2418 901 2467 350

66 2485 183 2553 Dissipat
195 2485 224 2536 in
238 2500 331 2551 corpus
344 2501 397 2535 sese
410 2485 483 2536 cibus
495 2502 571 2536 omne
583 2487 763 2538 animantum:

68 2554 193 2607 Crescunt
206 2553 321 2618 arbusta,
334 2559 361 2603 et
373 2553 452 2604 foetus
464 2554 492 2604 in
505 2560 620 2620 tempore
632 2553 757 2621 fundunt,

69 2622 142 2685 Quod
154 2622 229 2676 cibus
241 2622 272 2672 in
284 2626 359 2688 totas,
372 2638 454 2689 usque
466 2621 499 2674 ab
511 2621 642 2673 radicibus
654 2622 721 2690 imis,
896 2650 921 2768 Ι
