1928 2964
338 138 445 189 LIBER
463 136 621 189 TERTIUS.
700 173 701 176 κ
864 141 896 189 el

59 242 96 295 Et
126 239 184 293 uesi
196 255 315 308 supremo
326 239 492 306 languescere
504 243 620 306 tempore
628 237 725 305 veritus,

59 311 107 364 Mo
130 311 136 322 '
156 326 207 377 que
219 308 346 376 exseugui
358 308 449 360 cedere
461 308 550 359 omnia
562 325 666 376 corpore
678 307 800 360 membre.

60 379 138 445 Quod
150 395 233 447 genus
244 383 291 444 est,
303 378 390 429 animo
401 377 470 428 mele
483 376 584 428 fectum
596 394 678 444 quum
690 378 851 445 perhibetur,

61 450 118 503 Aut
129 449 245 500 enimam
256 446 370 514 liquisse,
382 445 429 497 ubi
436 448 494 513 jum
506 445 660 513 trepidatur,
673 454 700 498 et
712 462 801 498 omnes

59 518 218 570 Extremum
230 516 341 585 cupiunt
353 516 420 567 vires
431 515 619 583 reprehendere
631 515 755 568 vinclum.

61 588 256 654 conquassatur
268 586 338 636 enim
349 590 407 636 tum
419 601 493 635 mens
504 584 651 652 enimaeque
663 592 778 652 potestas

61 656 155 709 Omnis
162 675 169 720 ;
187 660 214 707 et
226 654 283 706 hoec
294 655 351 722 ipso
363 671 424 704 cum
436 669 542 720 corpore
554 653 742 707 conlebefiunt:
848 659 898 708 600

60 725 100 778 Ut
112 724 216 792 gravior
228 725 306 789 paulo
318 722 400 790 possit
411 722 550 774 dissolvere
563 739 648 774 ceusu

97 793 167 857 Quid
179 792 291 859 dubites,
303 792 411 844 tandem
423 792 488 859 quin
500 798 576 842 extre
587 791 691 858 prodite
702 808 795 861 corpus

62 862 199 916 Imbecillu
210 862 286 927 fores,
298 862 327 912 in
339 866 436 928 aperto,
449 861 565 928 tegmine
577 861 691 929 dempto,
775 893 778 896 ‹

60 933 87 984 N
87 949 123 984 on
134 931 211 983 modo
222 948 275 983 non
287 947 390 982 omnem
401 930 482 998 possit
495 930 588 981 durare
600 947 647 998 per
658 946 752 998 aevum,

61 1001 114 1054 Sed
125 1001 265 1052 minimum
277 999 386 1068 quodvis
397 1004 512 1066 nequeat
524 999 662 1051 consistere
674 1001 794 1068 tempus?

96 1070 153 1122 Nec
166 1069 215 1121 sibi
227 1069 297 1120 enim
308 1069 447 1136 quisquam
459 1068 570 1120 moriens
583 1067 679 1121 sentire
690 1069 801 1135 videtur,

62 1139 108 1191 Ire
119 1138 188 1191 fores
200 1139 315 1190 enimam
326 1137 484 1189 incolumem
496 1137 529 1189 de
541 1154 646 1206 corpore
658 1143 728 1201 toto;

62 1208 118 1260 Nec
130 1208 203 1276 prius
215 1207 249 1259 ud
257 1207 383 1274 jugulum
395 1212 422 1258 et
434 1223 539 1275 superus
552 1207 687 1259 succedere
698 1208 803 1273 fences3

62 1277 163 1329 Verum
175 1277 284 1328 deficere
294 1277 323 1328 iu
336 1281 408 1328 certa
419 1277 524 1343 regione
536 1277 661 1328 locatam:

63 1346 101 1399 Ut
114 1363 203 1398 sensus
215 1345 286 1411 elios,
298 1345 327 1396 in
338 1345 409 1413 porti
420 1362 550 1413 quemque
563 1362 617 1412 sua,
630 1345 680 1397 scit
847 1351 897 1401 610

63 1411 191 1468 Dissolvi:
209 1414 278 1484 quod
291 1415 313 1466 si
324 1414 479 1466 immortalis
491 1419 581 1466 nostra
591 1415 659 1467 foret
670 1432 750 1483 mens,

62 1485 123 1536 Non
132 1487 189 1553 jam
201 1501 228 1536 se
239 1486 352 1535 moriens
364 1484 469 1535 dissolvi
481 1489 681 1551 conquereretur
688 1503 696 1549 ;

63 1553 116 1606 Sed
127 1553 210 1621 magis
222 1553 260 1605 ire
271 1553 348 1620 forus,
361 1559 511 1621 vestemque
522 1554 675 1621 relinquere,
688 1560 719 1605 ut
731 1556 833 1624 unguis,

63 1622 219 1690 [Gauderet
231 1623 364 1691 praelonga
377 1639 456 1674 senex
468 1627 516 1674 aut
527 1639 624 1674 cornua
636 1640 727 1675 cervus
733 1625 765 1694 ἦ]

99 1689 221 1759 Denique
232 1708 279 1744 cur
290 1692 372 1744 enimi
385 1709 520 1758 nunquam
531 1708 604 1743 mens
616 1692 806 1760 consiliumque

64 1760 189 1828 Gignitur
200 1761 229 1812 in
241 1761 334 1830 cepite,
347 1765 394 1813 aut
406 1760 524 1828 pedibus,
535 1760 696 1827 manibusve,
709 1762 753 1814 sed
765 1764 825 1816 unis

63 1829 182 1897 Sedibus,
195 1836 222 1882 et
233 1831 311 1883 certis
322 1830 471 1898 regionibus
483 1830 602 1882 omnibus
614 1831 708 1883 haeret:

64 1899 93 1952 Si
104 1915 159 1951 non
170 1905 242 1952 certe
252 1900 311 1952 loce
322 1899 355 1952 ud
367 1898 528 1951 nascendum
539 1899 642 1952 reddite
654 1901 750 1968 cuique

64 1968 140 2036 Sunt,
153 1974 180 2020 et
192 1968 238 2020 ubi
250 1969 378 2038 quidquid
390 1968 472 2036 possit
483 1968 577 2020 dirrare
589 1975 706 2021 ereetum
713 1989 721 2034 ;

64 2039 153 2106 Atque
164 2037 204 2090 ite
214 2038 377 2090 multimodis
389 2055 436 2105 pro
447 2038 511 2090 totis
522 2037 632 2090 ortubus
644 2056 705 2106 esse,
850 2043 900 2092 620

65 2107 243 2159 Membrorum
255 2112 287 2159 ut
298 2123 435 2174 nunquam
446 2107 556 2159 exsistet
568 2115 741 2177 preposterus
753 2108 832 2161 ordo?

64 2175 154 2245 Usque
165 2176 230 2228 odeo
242 2176 361 2244 sequitur
371 2193 412 2228 res
423 2194 494 2240 rem;
511 2194 596 2244 neque
607 2178 714 2230 flemma
726 2179 807 2230 creari

65 2245 233 2297 Fluminibus
245 2246 322 2297 solite
334 2249 381 2312 est,
392 2262 478 2313 neque
489 2247 519 2296 in
530 2247 588 2314 igni
600 2248 703 2314 gignier
714 2247 794 2314 algor.

278 2353 319 2406 De
330 2353 445 2406 1011111010
455 2355 553 2408 anime
564 2363 587 2408 et
597 2355 693 2407 animi.

99 2448 238 2516 Praeteree,
250 2449 272 2499 si
284 2447 439 2500 immortalis
451 2453 548 2502 natura
559 2450 659 2501 animai
672 2454 719 2516 est,

64 2517 100 2570 Et
111 2518 210 2570 sentire
222 2523 309 2585 potest
321 2523 419 2569 secreta
431 2535 448 2569 a
460 2535 565 2586 corpore
577 2524 680 2580 nostro;

65 2587 197 2655 Quinque,
210 2592 242 2638 ut
254 2586 351 2654 opinor,
361 2603 420 2638 eam
431 2586 583 2638 faciendum
593 2593 633 2639 est
645 2585 762 2639 sensibus
774 2592 893 2639 auctam:

400 2684 409 2703 ‘
424 2682 488 2720 Deest
501 2683 524 2721 in
534 2681 582 2722 MS.
881 2692 909 2782 Ι
