<?xml version="1.0" encoding="UTF-8"?>
<!DOCTYPE html PUBLIC "-//W3C//DTD XHTML 1.0 Transitional//EN"
    "http://www.w3.org/TR/xhtml1/DTD/xhtml1-transitional.dtd">
<html xmlns="http://www.w3.org/1999/xhtml" xml:lang="en" lang="en">
 <head>
  <title>
</title>
<meta http-equiv="Content-Type" content="text/html;charset=utf-8" />
  <meta name='ocr-system' content='tesseract 3.04.00' />
  <meta name='ocr-capabilities' content='ocr_page ocr_carea ocr_par ocr_line ocrx_word'/>
</head>
<body>
  <div class='ocr_page' id='page_1' title='image "./tlucretiicaride03carugoog_0158.png"; bbox 0 0 1964 2970; ppageno 0'>
   <div class='ocr_carea' id='block_1_1' title="bbox 324 151 899 217">
    <p class='ocr_par' dir='ltr' id='par_1_1' title="bbox 324 151 899 217">
     <span class='ocr_line' id='line_1_1' title="bbox 324 151 899 217; baseline 0.005 -13"><span class='ocrx_word' id='word_1_1' title='bbox 324 151 432 205; x_wconf 83' lang='lat' dir='ltr'><strong>LIBER</strong></span> <span class='ocrx_word' id='word_1_2' title='bbox 451 152 620 217; x_wconf 74' lang='lat' dir='ltr'><strong>QUARTUS.</strong></span> <span class='ocrx_word' id='word_1_3' title='bbox 848 157 899 207; x_wconf 75' lang='lat'><strong>125</strong></span> 
     </span>
    </p>
   </div>
   <div class='ocr_carea' id='block_1_2' title="bbox 91 302 768 465">
    <p class='ocr_par' dir='ltr' id='par_1_2' title="bbox 91 302 768 465">
     <span class='ocr_line' id='line_1_2' title="bbox 215 302 741 368; baseline 0 -14"><span class='ocrx_word' id='word_1_4' title='bbox 215 302 275 368; x_wconf 74' lang='lat' dir='ltr'><strong>Qua</strong></span> <span class='ocrx_word' id='word_1_5' title='bbox 286 302 358 354; x_wconf 78' lang='grc'><strong>011111</strong></span> <span class='ocrx_word' id='word_1_6' title='bbox 370 320 425 355; x_wconf 77' lang='lat' dir='ltr'><strong>ooo</strong></span> <span class='ocrx_word' id='word_1_7' title='bbox 436 310 522 355; x_wconf 76' lang='lat' dir='ltr'><strong>tranet</strong></span> <span class='ocrx_word' id='word_1_8' title='bbox 533 319 615 354; x_wconf 77' lang='lat' dir='ltr'><strong>vocem</strong></span> <span class='ocrx_word' id='word_1_9' title='bbox 627 309 741 355; x_wconf 79' lang='lat' dir='ltr'><strong>trorurre.</strong></span> 
     </span>
     <span class='ocr_line' id='line_1_3' title="bbox 91 394 768 465; baseline -0.004 -16"><span class='ocrx_word' id='word_1_10' title='bbox 91 397 167 461; x_wconf 82' lang='lat' dir='ltr'><strong>Quod</strong></span> <span class='ocrx_word' id='word_1_11' title='bbox 180 401 304 465; x_wconf 82' lang='lat' dir='ltr'>superest,</span> <span class='ocrx_word' id='word_1_12' title='bbox 316 414 369 448; x_wconf 91' lang='lat' dir='ltr'><strong>non</strong></span> <span class='ocrx_word' id='word_1_13' title='bbox 382 402 421 447; x_wconf 91' lang='lat' dir='ltr'><strong>est</strong></span> <span class='ocrx_word' id='word_1_14' title='bbox 433 395 590 461; x_wconf 88' lang='lat' dir='ltr'><strong>mirandum,</strong></span> <span class='ocrx_word' id='word_1_15' title='bbox 603 412 656 463; x_wconf 88' lang='lat' dir='ltr'><strong>qua</strong></span> <span class='ocrx_word' id='word_1_16' title='bbox 666 394 768 446; x_wconf 87' lang='lat' dir='ltr'><strong>ratione</strong></span> 
     </span>
    </p>
   </div>
   <div class='ocr_carea' id='block_1_3' title="bbox 53 464 898 1771">
    <p class='ocr_par' dir='ltr' id='par_1_3' title="bbox 53 464 898 1771">
     <span class='ocr_line' id='line_1_4' title="bbox 55 464 771 533; baseline -0.004 -16"><span class='ocrx_word' id='word_1_17' title='bbox 55 465 107 518; x_wconf 90' lang='lat' dir='ltr'><strong>Per</strong></span> <span class='ocrx_word' id='word_1_18' title='bbox 119 467 183 532; x_wconf 82' lang='lat' dir='ltr'><strong>loca,</strong></span> <span class='ocrx_word' id='word_1_19' title='bbox 196 482 250 533; x_wconf 91' lang='lat' dir='ltr'><strong>qua</strong></span> <span class='ocrx_word' id='word_1_20' title='bbox 261 470 397 532; x_wconf 90' lang='lat' dir='ltr'><strong>nequeunt</strong></span> <span class='ocrx_word' id='word_1_21' title='bbox 409 464 479 517; x_wconf 90' lang='lat' dir='ltr'><strong>oculi</strong></span> <span class='ocrx_word' id='word_1_22' title='bbox 490 481 531 516; x_wconf 91' lang='lat' dir='ltr'><strong>res</strong></span> <span class='ocrx_word' id='word_1_23' title='bbox 543 481 648 516; x_wconf 85' lang='lat' dir='ltr'><strong>eernere</strong></span> <span class='ocrx_word' id='word_1_24' title='bbox 660 470 771 531; x_wconf 88' lang='lat' dir='ltr'><strong>apertas,</strong></span> 
     </span>
     <span class='ocr_line' id='line_1_5' title="bbox 55 533 754 602; baseline -0.001 -16"><span class='ocrx_word' id='word_1_25' title='bbox 55 535 123 586; x_wconf 80' lang='lat' dir='ltr'><strong>Haeo</strong></span> <span class='ocrx_word' id='word_1_26' title='bbox 135 535 191 586; x_wconf 86' lang='lat' dir='ltr'><strong>loca</strong></span> <span class='ocrx_word' id='word_1_27' title='bbox 203 551 250 602; x_wconf 89' lang='lat' dir='ltr'><strong>per</strong></span> <span class='ocrx_word' id='word_1_28' title='bbox 262 551 337 585; x_wconf 86' lang='lat' dir='ltr'><strong>voees</strong></span> <span class='ocrx_word' id='word_1_29' title='bbox 349 534 465 600; x_wconf 85' lang='lat' dir='ltr'><strong>veniant,</strong></span> <span class='ocrx_word' id='word_1_30' title='bbox 478 550 605 600; x_wconf 89' lang='lat' dir='ltr'><strong>auresque</strong></span> <span class='ocrx_word' id='word_1_31' title='bbox 616 533 754 585; x_wconf 81' lang='lat' dir='ltr'><strong>lacessunt.</strong></span> 
     </span>
     <span class='ocr_line' id='line_1_6' title="bbox 55 601 898 670; baseline -0.004 -15"><span class='ocrx_word' id='word_1_32' title='bbox 55 602 222 670; x_wconf 81' lang='lat' dir='ltr'><strong>Oolloquium</strong></span> <span class='ocrx_word' id='word_1_33' title='bbox 235 602 330 654; x_wconf 86' lang='lat' dir='ltr'><strong>clausis</strong></span> <span class='ocrx_word' id='word_1_34' title='bbox 342 601 441 653; x_wconf 87' lang='lat' dir='ltr'><strong>foribus</strong></span> <span class='ocrx_word' id='word_1_35' title='bbox 454 619 558 670; x_wconf 88' lang='lat' dir='ltr'><strong>quoque</strong></span> <span class='ocrx_word' id='word_1_36' title='bbox 570 618 637 670; x_wconf 84' lang='lat' dir='ltr'><strong>saepe</strong></span> <span class='ocrx_word' id='word_1_37' title='bbox 649 602 776 654; x_wconf 84' lang='lat' dir='ltr'><strong>videmus.</strong></span> <span class='ocrx_word' id='word_1_38' title='bbox 847 603 898 653; x_wconf 83' lang='lat'><strong>600</strong></span> 
     </span>
     <span class='ocr_line' id='line_1_7' title="bbox 53 670 710 739; baseline 0 -17"><span class='ocrx_word' id='word_1_39' title='bbox 53 671 195 738; x_wconf 83' lang='lat' dir='ltr'><strong>Nimirum,</strong></span> <span class='ocrx_word' id='word_1_40' title='bbox 208 672 270 739; x_wconf 90' lang='lat' dir='ltr'><strong>quia</strong></span> <span class='ocrx_word' id='word_1_41' title='bbox 282 688 334 722; x_wconf 84' lang='lat' dir='ltr'><strong>vox</strong></span> <span class='ocrx_word' id='word_1_42' title='bbox 346 670 470 739; x_wconf 86' lang='lat' dir='ltr'><strong>perflexa</strong></span> <span class='ocrx_word' id='word_1_43' title='bbox 481 670 611 722; x_wconf 81' lang='lat' dir='ltr'><strong>foramina</strong></span> <span class='ocrx_word' id='word_1_44' title='bbox 623 688 710 722; x_wconf 90' lang='lat' dir='ltr'><strong>rerum</strong></span> 
     </span>
     <span class='ocr_line' id='line_1_8' title="bbox 56 738 729 807; baseline 0.001 -17"><span class='ocrx_word' id='word_1_45' title='bbox 56 739 198 792; x_wconf 86' lang='lat' dir='ltr'><strong>Incolumis</strong></span> <span class='ocrx_word' id='word_1_46' title='bbox 211 740 322 792; x_wconf 85' lang='lat' dir='ltr'><strong>transire</strong></span> <span class='ocrx_word' id='word_1_47' title='bbox 334 745 427 807; x_wconf 87' lang='lat' dir='ltr'><strong>potest,</strong></span> <span class='ocrx_word' id='word_1_48' title='bbox 440 738 580 790; x_wconf 86' lang='lat' dir='ltr'><strong>simulacra</strong></span> <span class='ocrx_word' id='word_1_49' title='bbox 591 745 729 791; x_wconf 90' lang='lat' dir='ltr'><strong>renutant:</strong></span> 
     </span>
     <span class='ocr_line' id='line_1_9' title="bbox 54 808 776 874; baseline 0 -14"><span class='ocrx_word' id='word_1_50' title='bbox 54 809 262 861; x_wconf 89' lang='lat' dir='ltr'><strong>Persoinduntur</strong></span> <span class='ocrx_word' id='word_1_51' title='bbox 274 809 352 874; x_wconf 86' lang='lat' dir='ltr'><strong>enim,</strong></span> <span class='ocrx_word' id='word_1_52' title='bbox 364 809 416 859; x_wconf 89' lang='lat' dir='ltr'><strong>uisi</strong></span> <span class='ocrx_word' id='word_1_53' title='bbox 427 813 500 859; x_wconf 85' lang='lat' dir='ltr'><strong>reeta</strong></span> <span class='ocrx_word' id='word_1_54' title='bbox 511 808 641 859; x_wconf 78' lang='lat' dir='ltr'><strong>foramina</strong></span> <span class='ocrx_word' id='word_1_55' title='bbox 652 813 776 870; x_wconf 88' lang='lat' dir='ltr'><strong>tranant;</strong></span> 
     </span>
     <span class='ocr_line' id='line_1_10' title="bbox 55 876 720 945; baseline 0.002 -16"><span class='ocrx_word' id='word_1_56' title='bbox 55 876 154 938; x_wconf 78' lang='lat' dir='ltr'><strong>Qualia</strong></span> <span class='ocrx_word' id='word_1_57' title='bbox 166 883 228 929; x_wconf 92' lang='lat' dir='ltr'><strong>sunt</strong></span> <span class='ocrx_word' id='word_1_58' title='bbox 239 878 310 943; x_wconf 88' lang='lat' dir='ltr'><strong>vitri,</strong></span> <span class='ocrx_word' id='word_1_59' title='bbox 323 877 420 945; x_wconf 87' lang='lat' dir='ltr'><strong>species</strong></span> <span class='ocrx_word' id='word_1_60' title='bbox 433 893 491 944; x_wconf 86' lang='lat' dir='ltr'><strong>quae</strong></span> <span class='ocrx_word' id='word_1_61' title='bbox 504 876 617 929; x_wconf 79' lang='lat' dir='ltr'><strong>travolat</strong></span> <span class='ocrx_word' id='word_1_62' title='bbox 630 877 720 930; x_wconf 89' lang='lat' dir='ltr'><strong>omnis.</strong></span> 
     </span>
     <span class='ocr_line' id='line_1_11' title="bbox 91 945 703 1014; baseline -0.003 -16"><span class='ocrx_word' id='word_1_63' title='bbox 91 947 228 1012; x_wconf 80' lang='lat' dir='ltr'><strong>Praeterea,</strong></span> <span class='ocrx_word' id='word_1_64' title='bbox 241 951 329 1014; x_wconf 85' lang='lat' dir='ltr'><strong>partes</strong></span> <span class='ocrx_word' id='word_1_65' title='bbox 341 946 370 996; x_wconf 93' lang='lat' dir='ltr'><strong>in</strong></span> <span class='ocrx_word' id='word_1_66' title='bbox 382 952 490 997; x_wconf 89' lang='lat' dir='ltr'><strong>cunctas</strong></span> <span class='ocrx_word' id='word_1_67' title='bbox 503 945 632 997; x_wconf 88' lang='lat' dir='ltr'><strong>dividitur</strong></span> <span class='ocrx_word' id='word_1_68' title='bbox 643 963 703 1011; x_wconf 80' lang='lat' dir='ltr'><strong>vox,</strong></span> 
     </span>
     <span class='ocr_line' id='line_1_12' title="bbox 55 1013 690 1082; baseline 0 -16"><span class='ocrx_word' id='word_1_69' title='bbox 55 1015 98 1066; x_wconf 81' lang='lat' dir='ltr'><strong>Ex</strong></span> <span class='ocrx_word' id='word_1_70' title='bbox 110 1015 169 1067; x_wconf 92' lang='lat' dir='ltr'><strong>aliis</strong></span> <span class='ocrx_word' id='word_1_71' title='bbox 181 1015 240 1067; x_wconf 88' lang='lat' dir='ltr'><strong>aliae</strong></span> <span class='ocrx_word' id='word_1_72' title='bbox 252 1015 376 1082; x_wconf 86' lang='lat' dir='ltr'><strong>quoniam</strong></span> <span class='ocrx_word' id='word_1_73' title='bbox 388 1015 551 1082; x_wconf 81' lang='lat' dir='ltr'><strong>gignuntur3</strong></span> <span class='ocrx_word' id='word_1_74' title='bbox 569 1013 615 1065; x_wconf 92' lang='lat' dir='ltr'><strong>ubi</strong></span> <span class='ocrx_word' id='word_1_75' title='bbox 627 1032 690 1066; x_wconf 89' lang='lat' dir='ltr'><strong>nam</strong></span> 
     </span>
     <span class='ocr_line' id='line_1_13' title="bbox 55 1083 700 1151; baseline 0 -16"><span class='ocrx_word' id='word_1_76' title='bbox 55 1084 179 1136; x_wconf 78' lang='lat' dir='ltr'><strong>Dissiluit</strong></span> <span class='ocrx_word' id='word_1_77' title='bbox 192 1084 270 1135; x_wconf 90' lang='lat' dir='ltr'><strong>semel</strong></span> <span class='ocrx_word' id='word_1_78' title='bbox 282 1084 311 1134; x_wconf 91' lang='lat' dir='ltr'><strong>in</strong></span> <span class='ocrx_word' id='word_1_79' title='bbox 323 1083 428 1150; x_wconf 88' lang='lat' dir='ltr'><strong>multas,</strong></span> <span class='ocrx_word' id='word_1_80' title='bbox 441 1089 532 1135; x_wconf 82' lang='lat' dir='ltr'><strong>exorta</strong></span> <span class='ocrx_word' id='word_1_81' title='bbox 544 1083 620 1151; x_wconf 91' lang='lat' dir='ltr'><strong>quasi</strong></span> <span class='ocrx_word' id='word_1_82' title='bbox 630 1083 700 1150; x_wconf 84' lang='lat' dir='ltr'><strong>ignis</strong></span> 
     </span>
     <span class='ocr_line' id='line_1_14' title="bbox 55 1151 712 1221; baseline 0 -16"><span class='ocrx_word' id='word_1_83' title='bbox 55 1152 129 1220; x_wconf 79' lang='lat' dir='ltr'><strong>Saepe</strong></span> <span class='ocrx_word' id='word_1_84' title='bbox 142 1153 207 1204; x_wconf 88' lang='lat' dir='ltr'><strong>solet</strong></span> <span class='ocrx_word' id='word_1_85' title='bbox 220 1151 336 1203; x_wconf 89' lang='lat' dir='ltr'><strong>scintilla</strong></span> <span class='ocrx_word' id='word_1_86' title='bbox 348 1169 406 1204; x_wconf 93' lang='lat' dir='ltr'><strong>suos</strong></span> <span class='ocrx_word' id='word_1_87' title='bbox 419 1169 445 1204; x_wconf 90' lang='lat' dir='ltr'><strong>se</strong></span> <span class='ocrx_word' id='word_1_88' title='bbox 458 1169 578 1221; x_wconf 86' lang='lat' dir='ltr'><strong>spargere</strong></span> <span class='ocrx_word' id='word_1_89' title='bbox 590 1152 618 1202; x_wconf 87' lang='lat' dir='ltr'><strong>in</strong></span> <span class='ocrx_word' id='word_1_90' title='bbox 631 1153 712 1220; x_wconf 85' lang='lat' dir='ltr'><strong>ignes.</strong></span> 
     </span>
     <span class='ocr_line' id='line_1_15' title="bbox 55 1220 650 1288; baseline -0.002 -15"><span class='ocrx_word' id='word_1_91' title='bbox 55 1221 125 1288; x_wconf 81' lang='lat' dir='ltr'><strong>Ergo</strong></span> <span class='ocrx_word' id='word_1_92' title='bbox 137 1221 272 1288; x_wconf 78' lang='lat' dir='ltr'><strong>replentur</strong></span> <span class='ocrx_word' id='word_1_93' title='bbox 285 1220 341 1272; x_wconf 90' lang='lat' dir='ltr'><strong>loca</strong></span> <span class='ocrx_word' id='word_1_94' title='bbox 352 1220 467 1287; x_wconf 87' lang='lat' dir='ltr'><strong>vocibus,</strong></span> <span class='ocrx_word' id='word_1_95' title='bbox 479 1221 570 1272; x_wconf 84' lang='lat' dir='ltr'><strong>abdita</strong></span> <span class='ocrx_word' id='word_1_96' title='bbox 581 1227 650 1272; x_wconf 88' lang='lat' dir='ltr'><strong>retro</strong></span> 
     </span>
     <span class='ocr_line' id='line_1_16' title="bbox 56 1289 896 1356; baseline 0.001 -15"><span class='ocrx_word' id='word_1_97' title='bbox 56 1290 152 1342; x_wconf 90' lang='lat' dir='ltr'><strong>Omnia</strong></span> <span class='ocrx_word' id='word_1_98' title='bbox 181 1306 221 1340; x_wconf 87' lang='lat' dir='ltr'><strong>uae</strong></span> <span class='ocrx_word' id='word_1_99' title='bbox 234 1290 332 1341; x_wconf 88' lang='lat' dir='ltr'><strong>circum</strong></span> <span class='ocrx_word' id='word_1_100' title='bbox 344 1290 451 1356; x_wconf 87' lang='lat' dir='ltr'><strong>fuerint,</strong></span> <span class='ocrx_word' id='word_1_101' title='bbox 464 1290 603 1356; x_wconf 87' lang='lat' dir='ltr'><strong>sonituque</strong></span> <span class='ocrx_word' id='word_1_102' title='bbox 615 1289 723 1343; x_wconf 76' lang='lat' dir='ltr'><strong>cientur.</strong></span> <span class='ocrx_word' id='word_1_103' title='bbox 846 1294 896 1342; x_wconf 87' lang='lat'><strong>610</strong></span> 
     </span>
     <span class='ocr_line' id='line_1_17' title="bbox 55 1307 672 1425; baseline -0.003 -15"><span class='ocrx_word' id='word_1_104' title='bbox 55 1358 93 1410; x_wconf 89' lang='lat' dir='ltr'><strong>At</strong></span> <span class='ocrx_word' id='word_1_105' title='bbox 106 1307 244 1410; x_wconf 78' lang='grc' dir='ltr'><strong>1101111οο10</strong></span> <span class='ocrx_word' id='word_1_106' title='bbox 256 1359 305 1410; x_wconf 92' lang='lat' dir='ltr'><strong>viis</strong></span> <span class='ocrx_word' id='word_1_107' title='bbox 317 1359 349 1410; x_wconf 91' lang='lat' dir='ltr'><strong>de</strong></span> <span class='ocrx_word' id='word_1_108' title='bbox 361 1359 438 1410; x_wconf 85' lang='lat' dir='ltr'><strong>rectis</strong></span> <span class='ocrx_word' id='word_1_109' title='bbox 451 1358 538 1410; x_wconf 86' lang='lat' dir='ltr'><strong>omnia</strong></span> <span class='ocrx_word' id='word_1_110' title='bbox 550 1358 672 1425; x_wconf 88' lang='lat' dir='ltr'><strong>tendunt,</strong></span> 
     </span>
     <span class='ocr_line' id='line_1_18' title="bbox 56 1428 744 1495; baseline -0.001 -16"><span class='ocrx_word' id='word_1_111' title='bbox 56 1428 94 1479; x_wconf 91' lang='lat' dir='ltr'><strong>Ut</strong></span> <span class='ocrx_word' id='word_1_112' title='bbox 107 1432 169 1479; x_wconf 88' lang='lat' dir='ltr'><strong>sunt</strong></span> <span class='ocrx_word' id='word_1_113' title='bbox 181 1428 259 1479; x_wconf 90' lang='lat' dir='ltr'><strong>missa</strong></span> <span class='ocrx_word' id='word_1_114' title='bbox 271 1428 363 1480; x_wconf 91' lang='lat' dir='ltr'><strong>semel:</strong></span> <span class='ocrx_word' id='word_1_115' title='bbox 382 1433 540 1495; x_wconf 89' lang='lat' dir='ltr'><strong>quapropter</strong></span> <span class='ocrx_word' id='word_1_116' title='bbox 552 1444 656 1478; x_wconf 85' lang='lat' dir='ltr'><strong>cernere</strong></span> <span class='ocrx_word' id='word_1_117' title='bbox 667 1443 744 1478; x_wconf 92' lang='lat' dir='ltr'><strong>nemo</strong></span> 
     </span>
     <span class='ocr_line' id='line_1_19' title="bbox 55 1496 713 1564; baseline 0 -16"><span class='ocrx_word' id='word_1_118' title='bbox 55 1496 130 1564; x_wconf 81' lang='lat' dir='ltr'><strong>Sapo</strong></span> <span class='ocrx_word' id='word_1_119' title='bbox 143 1513 221 1563; x_wconf 92' lang='lat' dir='ltr'><strong>supra</strong></span> <span class='ocrx_word' id='word_1_120' title='bbox 232 1496 303 1563; x_wconf 87' lang='lat' dir='ltr'><strong>potis</strong></span> <span class='ocrx_word' id='word_1_121' title='bbox 315 1503 361 1562; x_wconf 90' lang='lat' dir='ltr'><strong>est,</strong></span> <span class='ocrx_word' id='word_1_122' title='bbox 374 1502 402 1548; x_wconf 87' lang='lat' dir='ltr'><strong>at</strong></span> <span class='ocrx_word' id='word_1_123' title='bbox 414 1514 489 1549; x_wconf 86' lang='lat' dir='ltr'><strong>voees</strong></span> <span class='ocrx_word' id='word_1_124' title='bbox 501 1497 619 1564; x_wconf 83' lang='lat' dir='ltr'><strong>accipere</strong></span> <span class='ocrx_word' id='word_1_125' title='bbox 631 1502 713 1548; x_wconf 84' lang='lat' dir='ltr'><strong>extra.</strong></span> 
     </span>
     <span class='ocr_line' id='line_1_20' title="bbox 55 1564 856 1632; baseline 0 -16"><span class='ocrx_word' id='word_1_126' title='bbox 55 1565 91 1617; x_wconf 82' lang='lat' dir='ltr'><strong>Et</strong></span> <span class='ocrx_word' id='word_1_127' title='bbox 104 1571 193 1617; x_wconf 88' lang='lat' dir='ltr'><strong>tamen</strong></span> <span class='ocrx_word' id='word_1_128' title='bbox 204 1566 261 1632; x_wconf 90' lang='lat' dir='ltr'><strong>ipsa</strong></span> <span class='ocrx_word' id='word_1_129' title='bbox 273 1582 375 1632; x_wconf 90' lang='lat' dir='ltr'><strong>quoque</strong></span> <span class='ocrx_word' id='word_1_130' title='bbox 387 1566 450 1632; x_wconf 84' lang='lat' dir='ltr'><strong>haeo,</strong></span> <span class='ocrx_word' id='word_1_131' title='bbox 464 1567 528 1617; x_wconf 92' lang='lat' dir='ltr'><strong>dum</strong></span> <span class='ocrx_word' id='word_1_132' title='bbox 539 1566 635 1617; x_wconf 84' lang='lat' dir='ltr'><strong>transit</strong></span> <span class='ocrx_word' id='word_1_133' title='bbox 647 1564 734 1617; x_wconf 85' lang='lat' dir='ltr'><strong>clausa</strong></span> <span class='ocrx_word' id='word_1_134' title='bbox 746 1565 856 1631; x_wconf 77' lang='lat' dir='ltr'><strong>viarum,</strong></span> 
     </span>
     <span class='ocr_line' id='line_1_21' title="bbox 56 1633 740 1702; baseline 0 -16"><span class='ocrx_word' id='word_1_135' title='bbox 56 1633 115 1686; x_wconf 85' lang='lat' dir='ltr'><strong>Vox</strong></span> <span class='ocrx_word' id='word_1_136' title='bbox 127 1633 291 1698; x_wconf 86' lang='lat' dir='ltr'><strong>obtunditur,</strong></span> <span class='ocrx_word' id='word_1_137' title='bbox 304 1641 383 1700; x_wconf 87' lang='lat' dir='ltr'><strong>atque</strong></span> <span class='ocrx_word' id='word_1_138' title='bbox 396 1652 471 1686; x_wconf 89' lang='lat' dir='ltr'><strong>aures</strong></span> <span class='ocrx_word' id='word_1_139' title='bbox 484 1635 592 1686; x_wconf 85' lang='lat' dir='ltr'><strong>confusa</strong></span> <span class='ocrx_word' id='word_1_140' title='bbox 604 1640 740 1702; x_wconf 88' lang='lat' dir='ltr'><strong>penetrat:</strong></span> 
     </span>
     <span class='ocr_line' id='line_1_22' title="bbox 55 1702 756 1771; baseline 0.003 -16"><span class='ocrx_word' id='word_1_141' title='bbox 55 1702 91 1755; x_wconf 83' lang='lat' dir='ltr'><strong>Et</strong></span> <span class='ocrx_word' id='word_1_142' title='bbox 103 1704 218 1755; x_wconf 89' lang='lat' dir='ltr'><strong>sonitum</strong></span> <span class='ocrx_word' id='word_1_143' title='bbox 230 1703 323 1771; x_wconf 76' lang='lat' dir='ltr'><strong>potius,</strong></span> <span class='ocrx_word' id='word_1_144' title='bbox 336 1720 416 1771; x_wconf 89' lang='lat' dir='ltr'><strong>quam</strong></span> <span class='ocrx_word' id='word_1_145' title='bbox 428 1702 514 1771; x_wconf 88' lang='lat' dir='ltr'><strong>verba,</strong></span> <span class='ocrx_word' id='word_1_146' title='bbox 526 1704 618 1756; x_wconf 82' lang='lat' dir='ltr'><strong>audire</strong></span> <span class='ocrx_word' id='word_1_147' title='bbox 630 1704 756 1757; x_wconf 87' lang='lat' dir='ltr'><strong>videmur.</strong></span> 
     </span>
    </p>
   </div>
   <div class='ocr_carea' id='block_1_4' title="bbox 401 1818 550 1888">
    <p class='ocr_par' dir='ltr' id='par_1_4' title="bbox 401 1818 550 1888">
     <span class='ocr_line' id='line_1_23' title="bbox 401 1818 550 1888; baseline 0.007 -18"><span class='ocrx_word' id='word_1_148' title='bbox 401 1818 442 1870; x_wconf 86' lang='lat' dir='ltr'><strong>De</strong></span> <span class='ocrx_word' id='word_1_149' title='bbox 453 1836 550 1888; x_wconf 68' lang='lat' dir='ltr'><strong>sopore.</strong></span> 
     </span>
    </p>
   </div>
   <div class='ocr_carea' id='block_1_5' title="bbox 53 1904 894 2662">
    <p class='ocr_par' dir='ltr' id='par_1_5' title="bbox 54 1904 894 2178">
     <span class='ocr_line' id='line_1_24' title="bbox 91 1904 818 1973; baseline 0.001 -17"><span class='ocrx_word' id='word_1_150' title='bbox 91 1905 156 1970; x_wconf 86' lang='lat' dir='ltr'><strong>Hoc,</strong></span> <span class='ocrx_word' id='word_1_151' title='bbox 168 1904 215 1972; x_wconf 91' lang='lat' dir='ltr'><strong>qui</strong></span> <span class='ocrx_word' id='word_1_152' title='bbox 227 1904 354 1956; x_wconf 88' lang='lat' dir='ltr'><strong>sentimus</strong></span> <span class='ocrx_word' id='word_1_153' title='bbox 367 1921 480 1970; x_wconf 83' lang='lat' dir='ltr'><strong>succum,</strong></span> <span class='ocrx_word' id='word_1_154' title='bbox 493 1904 586 1970; x_wconf 82' lang='lat' dir='ltr'><strong>lingua</strong></span> <span class='ocrx_word' id='word_1_155' title='bbox 598 1911 679 1972; x_wconf 90' lang='lat' dir='ltr'><strong>atque</strong></span> <span class='ocrx_word' id='word_1_156' title='bbox 691 1905 818 1973; x_wconf 87' lang='lat' dir='ltr'><strong>palatum,</strong></span> 
     </span>
     <span class='ocr_line' id='line_1_25' title="bbox 55 1971 839 2042; baseline 0.004 -19"><span class='ocrx_word' id='word_1_157' title='bbox 55 1971 211 2024; x_wconf 89' lang='lat' dir='ltr'><strong>Plusculum</strong></span> <span class='ocrx_word' id='word_1_158' title='bbox 223 1972 321 2024; x_wconf 84' lang='lat' dir='ltr'><strong>habent</strong></span> <span class='ocrx_word' id='word_1_159' title='bbox 333 1973 361 2023; x_wconf 92' lang='lat' dir='ltr'><strong>in</strong></span> <span class='ocrx_word' id='word_1_160' title='bbox 375 1989 401 2024; x_wconf 94' lang='lat' dir='ltr'><strong>se</strong></span> <span class='ocrx_word' id='word_1_161' title='bbox 412 1973 522 2024; x_wconf 89' lang='lat' dir='ltr'><strong>rationis</strong></span> <span class='ocrx_word' id='word_1_162' title='bbox 534 1974 594 2041; x_wconf 93' lang='lat' dir='ltr'><strong>plus</strong></span> <span class='ocrx_word' id='word_1_163' title='bbox 607 1990 750 2042; x_wconf 80' lang='lat' dir='ltr'><strong>operaeque.</strong></span> <span class='ocrx_word' id='word_1_164' title='bbox 835 2018 839 2026; x_wconf 92' lang='lat'>.</span> 
     </span>
     <span class='ocr_line' id='line_1_26' title="bbox 90 2041 791 2110; baseline 0.001 -18"><span class='ocrx_word' id='word_1_165' title='bbox 90 2041 230 2108; x_wconf 85' lang='lat' dir='ltr'><strong>Principio,</strong></span> <span class='ocrx_word' id='word_1_166' title='bbox 243 2059 350 2093; x_wconf 85' lang='lat' dir='ltr'><strong>succum</strong></span> <span class='ocrx_word' id='word_1_167' title='bbox 363 2042 490 2093; x_wconf 89' lang='lat' dir='ltr'><strong>sentimus</strong></span> <span class='ocrx_word' id='word_1_168' title='bbox 502 2042 531 2093; x_wconf 91' lang='lat' dir='ltr'><strong>in</strong></span> <span class='ocrx_word' id='word_1_169' title='bbox 544 2059 594 2109; x_wconf 89' lang='lat' dir='ltr'><strong>ore,</strong></span> <span class='ocrx_word' id='word_1_170' title='bbox 607 2043 695 2093; x_wconf 85' lang='lat' dir='ltr'><strong>eibum</strong></span> <span class='ocrx_word' id='word_1_171' title='bbox 708 2059 791 2110; x_wconf 87' lang='lat' dir='ltr'><strong>quum</strong></span> 
     </span>
     <span class='ocr_line' id='line_1_27' title="bbox 54 2109 894 2178; baseline 0.002 -18"><span class='ocrx_word' id='word_1_172' title='bbox 54 2109 204 2162; x_wconf 88' lang='lat' dir='ltr'><strong>Mandendo</strong></span> <span class='ocrx_word' id='word_1_173' title='bbox 217 2111 400 2178; x_wconf 86' lang='lat' dir='ltr'><strong>exprimimus:</strong></span> <span class='ocrx_word' id='word_1_174' title='bbox 419 2128 467 2162; x_wconf 90' lang='lat' dir='ltr'><strong>ceu</strong></span> <span class='ocrx_word' id='word_1_175' title='bbox 479 2110 585 2178; x_wconf 84' lang='lat' dir='ltr'><strong>plenam</strong></span> <span class='ocrx_word' id='word_1_176' title='bbox 597 2113 733 2178; x_wconf 86' lang='lat' dir='ltr'><strong>spongiam</strong></span> <span class='ocrx_word' id='word_1_177' title='bbox 745 2113 824 2178; x_wconf 89' lang='lat' dir='ltr'><strong>aquai</strong></span> <span class='ocrx_word' id='word_1_178' title='bbox 844 2113 894 2162; x_wconf 75' lang='lat'><strong>620</strong></span> 
     </span>
    </p>

    <p class='ocr_par' dir='ltr' id='par_1_6' title="bbox 53 2178 742 2590">
     <span class='ocr_line' id='line_1_28' title="bbox 54 2178 709 2247; baseline 0.003 -17"><span class='ocrx_word' id='word_1_179' title='bbox 54 2178 82 2230; x_wconf 87' lang='lat' dir='ltr'><strong>Si</strong></span> <span class='ocrx_word' id='word_1_180' title='bbox 94 2179 152 2246; x_wconf 91' lang='lat' dir='ltr'><strong>quis</strong></span> <span class='ocrx_word' id='word_1_181' title='bbox 163 2179 231 2231; x_wconf 85' lang='lat' dir='ltr'><strong>forte</strong></span> <span class='ocrx_word' id='word_1_182' title='bbox 243 2197 324 2230; x_wconf 89' lang='lat' dir='ltr'><strong>manu</strong></span> <span class='ocrx_word' id='word_1_183' title='bbox 336 2196 452 2246; x_wconf 85' lang='lat' dir='ltr'><strong>premere</strong></span> <span class='ocrx_word' id='word_1_184' title='bbox 464 2197 495 2230; x_wconf 90' lang='grc'><strong>00</strong></span> <span class='ocrx_word' id='word_1_185' title='bbox 507 2180 603 2231; x_wconf 87' lang='lat' dir='ltr'><strong>siccare</strong></span> <span class='ocrx_word' id='word_1_186' title='bbox 615 2181 709 2247; x_wconf 72' lang='lat' dir='ltr'><strong>eoepit.</strong></span> 
     </span>
     <span class='ocr_line' id='line_1_29' title="bbox 54 2247 742 2316; baseline 0.003 -18"><span class='ocrx_word' id='word_1_187' title='bbox 54 2247 128 2312; x_wconf 88' lang='lat' dir='ltr'><strong>Inde,</strong></span> <span class='ocrx_word' id='word_1_188' title='bbox 141 2248 211 2316; x_wconf 89' lang='lat' dir='ltr'><strong>quod</strong></span> <span class='ocrx_word' id='word_1_189' title='bbox 223 2249 401 2315; x_wconf 85' lang='lat' dir='ltr'><strong>exprimimus,</strong></span> <span class='ocrx_word' id='word_1_190' title='bbox 414 2265 461 2316; x_wconf 90' lang='lat' dir='ltr'><strong>per</strong></span> <span class='ocrx_word' id='word_1_191' title='bbox 472 2248 560 2300; x_wconf 88' lang='lat' dir='ltr'><strong>caulas</strong></span> <span class='ocrx_word' id='word_1_192' title='bbox 571 2266 647 2300; x_wconf 89' lang='lat' dir='ltr'><strong>omno</strong></span> <span class='ocrx_word' id='word_1_193' title='bbox 659 2248 742 2316; x_wconf 87' lang='lat' dir='ltr'><strong>palati</strong></span> 
     </span>
     <span class='ocr_line' id='line_1_30' title="bbox 53 2315 679 2384; baseline 0 -16"><span class='ocrx_word' id='word_1_194' title='bbox 53 2315 169 2382; x_wconf 77' lang='lat' dir='ltr'><strong>Diditur,</strong></span> <span class='ocrx_word' id='word_1_195' title='bbox 182 2323 209 2368; x_wconf 85' lang='lat' dir='ltr'><strong>et</strong></span> <span class='ocrx_word' id='word_1_196' title='bbox 220 2334 285 2368; x_wconf 86' lang='lat' dir='ltr'><strong>rarae</strong></span> <span class='ocrx_word' id='word_1_197' title='bbox 298 2317 422 2384; x_wconf 84' lang='lat' dir='ltr'><strong>perplexa</strong></span> <span class='ocrx_word' id='word_1_198' title='bbox 433 2318 562 2369; x_wconf 85' lang='lat' dir='ltr'><strong>foramina</strong></span> <span class='ocrx_word' id='word_1_199' title='bbox 573 2317 679 2383; x_wconf 85' lang='lat' dir='ltr'><strong>linguas.</strong></span> 
     </span>
     <span class='ocr_line' id='line_1_31' title="bbox 54 2384 696 2453; baseline 0 -18"><span class='ocrx_word' id='word_1_200' title='bbox 54 2384 120 2450; x_wconf 86' lang='lat' dir='ltr'><strong>Hoc,</strong></span> <span class='ocrx_word' id='word_1_201' title='bbox 133 2385 179 2436; x_wconf 92' lang='lat' dir='ltr'><strong>ubi</strong></span> <span class='ocrx_word' id='word_1_202' title='bbox 190 2386 268 2437; x_wconf 87' lang='lat' dir='ltr'><strong>laevia</strong></span> <span class='ocrx_word' id='word_1_203' title='bbox 280 2395 341 2437; x_wconf 93' lang='lat' dir='ltr'><strong>sunt</strong></span> <span class='ocrx_word' id='word_1_204' title='bbox 352 2387 486 2437; x_wconf 86' lang='lat' dir='ltr'><strong>manantis</strong></span> <span class='ocrx_word' id='word_1_205' title='bbox 499 2403 605 2453; x_wconf 88' lang='lat' dir='ltr'><strong>corpora</strong></span> <span class='ocrx_word' id='word_1_206' title='bbox 617 2385 696 2451; x_wconf 87' lang='lat' dir='ltr'><strong>succi,</strong></span> 
     </span>
     <span class='ocr_line' id='line_1_32' title="bbox 54 2452 730 2521; baseline 0.001 -16"><span class='ocrx_word' id='word_1_207' title='bbox 54 2452 177 2506; x_wconf 77' lang='lat' dir='ltr'><strong>Suaviter</strong></span> <span class='ocrx_word' id='word_1_208' title='bbox 188 2455 333 2521; x_wconf 85' lang='lat' dir='ltr'><strong>attingunt,</strong></span> <span class='ocrx_word' id='word_1_209' title='bbox 345 2461 372 2505; x_wconf 88' lang='lat' dir='ltr'><strong>et</strong></span> <span class='ocrx_word' id='word_1_210' title='bbox 384 2456 498 2507; x_wconf 87' lang='lat' dir='ltr'><strong>suaviter</strong></span> <span class='ocrx_word' id='word_1_211' title='bbox 508 2455 595 2506; x_wconf 90' lang='lat' dir='ltr'><strong>omnia</strong></span> <span class='ocrx_word' id='word_1_212' title='bbox 606 2459 730 2520; x_wconf 87' lang='lat' dir='ltr'><strong>tractant,</strong></span> 
     </span>
     <span class='ocr_line' id='line_1_33' title="bbox 54 2520 651 2590; baseline 0.002 -17"><span class='ocrx_word' id='word_1_213' title='bbox 54 2520 174 2575; x_wconf 86' lang='lat' dir='ltr'><strong>Humida</strong></span> <span class='ocrx_word' id='word_1_214' title='bbox 186 2524 288 2590; x_wconf 86' lang='lat' dir='ltr'><strong>linguai</strong></span> <span class='ocrx_word' id='word_1_215' title='bbox 301 2524 399 2574; x_wconf 84' lang='lat' dir='ltr'><strong>circum</strong></span> <span class='ocrx_word' id='word_1_216' title='bbox 412 2524 534 2575; x_wconf 89' lang='lat' dir='ltr'><strong>sudantia</strong></span> <span class='ocrx_word' id='word_1_217' title='bbox 545 2523 651 2589; x_wconf 89' lang='lat' dir='ltr'><strong>templa.</strong></span> 
     </span>
    </p>

    <p class='ocr_par' dir='ltr' id='par_1_7' title="bbox 53 2593 749 2662">
     <span class='ocr_line' id='line_1_34' title="bbox 53 2593 749 2662; baseline -0.001 -19"><span class='ocrx_word' id='word_1_218' title='bbox 53 2594 90 2644; x_wconf 88' lang='lat' dir='ltr'><strong>At</strong></span> <span class='ocrx_word' id='word_1_219' title='bbox 103 2598 193 2643; x_wconf 86' lang='lat' dir='ltr'><strong>contra</strong></span> <span class='ocrx_word' id='word_1_220' title='bbox 205 2601 330 2659; x_wconf 87' lang='lat' dir='ltr'><strong>pungunt</strong></span> <span class='ocrx_word' id='word_1_221' title='bbox 342 2610 447 2644; x_wconf 90' lang='lat' dir='ltr'><strong>sensum</strong></span> <span class='ocrx_word' id='word_1_222' title='bbox 459 2593 634 2662; x_wconf 67' lang='lat' dir='ltr'><strong>lacerantque</strong></span> <span class='ocrx_word' id='word_1_223' title='bbox 645 2597 749 2656; x_wconf 63' lang='grc'><strong>000110,</strong></span> 
     </span>
    </p>
   </div>
   <div class='ocr_carea' id='block_1_6' title="bbox 49 2661 752 2738">
    <p class='ocr_par' dir='ltr' id='par_1_8' title="bbox 49 2661 752 2738">
     <span class='ocr_line' id='line_1_35' title="bbox 49 2661 752 2738; baseline 0 -26"><span class='ocrx_word' id='word_1_224' title='bbox 49 2661 155 2718; x_wconf 84' lang='lat' dir='ltr'><strong>Quanto</strong></span> <span class='ocrx_word' id='word_1_225' title='bbox 167 2678 276 2730; x_wconf 80' lang='lat' dir='ltr'><strong>quaeque</strong></span> <span class='ocrx_word' id='word_1_226' title='bbox 287 2663 375 2733; x_wconf 83' lang='lat' dir='ltr'><strong>magis</strong></span> <span class='ocrx_word' id='word_1_227' title='bbox 390 2671 454 2719; x_wconf 90' lang='lat' dir='ltr'><strong>sunt</strong></span> <span class='ocrx_word' id='word_1_228' title='bbox 468 2665 622 2738; x_wconf 82' lang='lat' dir='ltr'><strong>asperitate</strong></span> <span class='ocrx_word' id='word_1_229' title='bbox 632 2663 752 2733; x_wconf 76' lang='lat' dir='ltr'><strong>repleta.</strong></span> 
     </span>
    </p>
   </div>
   <div class='ocr_carea' id='block_1_7' title="bbox 0 0 986 2970">
    <p class='ocr_par' dir='ltr' id='par_1_9' title="bbox 0 0 986 2970">
     <span class='ocr_line' id='line_1_36' title="bbox 0 0 986 2970; baseline 0 0"><span class='ocrx_word' id='word_1_230' title='bbox 0 0 986 2970; x_wconf 95' lang='lat' dir='ltr'><strong> </strong></span> 
     </span>
    </p>
   </div>
  </div>
 </body>
</html>
