1928 2964
70 155 123 206 200
210 164 213 169 '
381 154 589 208 '1¹.LUORET11

182 298 321 351 Autumno
334 297 550 367 magisfedmicc
561 307 583 351 et
595 297 716 352 tonitrum
720 299 795 369 fieri.

105 393 292 462 Autumnoque
303 396 387 462 magis
399 395 482 447 stellis
493 394 657 462 fulgentibus
669 395 726 447 elta

71 463 226 515 Concutitur
237 464 296 515 coeli
307 464 399 515 domus
411 464 528 530 undique
540 470 647 532 totoque
659 463 754 528 tellue3

71 530 107 583 Et
119 549 200 600 quum
212 537 330 599 tempore
342 549 369 583 se
381 533 449 584 veris
460 532 581 587 florentie
592 532 720 601 pandunt.

70 599 178 667 Frigore
190 600 260 651 enim
272 601 368 652 desunt
379 601 460 668 ignes,
472 601 597 668 ventique
609 601 694 652 celore
860 603 908 654 360

70 667 212 734 Deficiunt,
224 685 309 737 neque
321 676 384 720 sunt
395 676 451 721 tam
463 670 542 721 denso
554 686 664 737 corpore
671 669 763 723 nubes

72 737 146 789 Inter
158 743 281 804 utresque
292 738 376 805 igitur
387 755 470 806 quum
482 738 541 790 coeli
553 743 670 806 tempora
682 745 814 805 constant,

71 806 138 858 Tum
151 807 230 858 vcriae
243 823 326 858 causae
338 812 498 858 concurrunt
509 807 628 858 fulminis
640 823 736 860 omnes.

70 874 140 927 Nam
152 875 234 927 fretus
246 876 302 945 ipse
314 876 378 928 anni
389 876 527 943 permiscet
538 875 622 942 frigus
634 881 661 926 et
670 880 784 940 aestum3

72 943 189 1007 Quorum
200 951 342 1012 utrumque
354 961 419 1012 opus
431 950 470 996 est
481 944 634 996 fabricanda
645 944 680 996 ed
692 944 809 998 fulmina
817 943 898 1010 nobis,

72 1011 110 1065 Ut
123 1013 252 1065 discordia
263 1014 298 1065 sit
308 1029 403 1078 rerum,
415 1029 563 1080 magnoque
574 1012 694 1065 tumultu

72 1081 182 1148 Ignibus
194 1087 221 1133 et
233 1082 318 1134 ventis
329 1080 487 1133 furibundus
498 1081 610 1133 fluctuet
620 1083 674 1134 aer.

72 1149 161 1202 Prima
173 1149 264 1202 coloris
276 1151 346 1202 enim
358 1167 425 1218 pars,
437 1155 465 1202 et
476 1156 607 1217 postrema
617 1150 710 1216 rigoris
717 1163 737 1217 s,

71 1218 184 1287 Tempus
196 1219 224 1270 id
236 1225 276 1271 est
287 1216 410 1271 vernum:
429 1236 510 1286 quare
522 1236 639 1286 pugnare
650 1235 756 1272 necesse
767 1225 809 1272 est

71 1287 218 1339 Dissimiles
230 1289 300 1340 inter
311 1305 372 1354 sese,
385 1287 543 1355 turbareque
553 1288 659 1340 mixtos.
861 1290 912 1341 370

72 1354 108 1408 Et
120 1356 190 1408 color
201 1363 332 1409 extremus
344 1357 428 1424 primo
440 1374 500 1408 cum
512 1356 608 1423 frigore
620 1356 721 1408 mixtus

72 1423 202 1491 Volvitur,
215 1427 336 1478 autumni
348 1426 418 1494 quod
430 1425 515 1490 femur
526 1425 631 1477 nomine
642 1431 756 1493 tempus.

73 1493 125 1546 Hic
138 1511 241 1561 quoque
253 1495 399 1561 confligunt
410 1495 508 1546 hiemes
520 1494 656 1546 aestatibus
667 1510 748 1548 acres
789 1543 792 1548 .

72 1561 214 1630 Propterea
225 1569 287 1615 sunt
298 1563 355 1614 haec
366 1562 435 1615 bellu
446 1563 510 1615 anni
521 1561 717 1627 nominitanda3

72 1631 98 1683 N
98 1648 128 1683 ec
139 1632 235 1682 mirum
247 1637 293 1698 est,
305 1632 334 1682 in
346 1648 376 1682 eo
388 1631 410 1682 si
421 1638 538 1700 tempore
549 1631 663 1699 plurima
674 1631 746 1684 fiunt

72 1699 201 1766 Fulmina,
214 1705 405 1767 tempestasque
418 1700 502 1752 cietur
513 1699 618 1752 turbida
630 1699 701 1765 coelo,

72 1769 190 1837 Ancipiti
203 1769 327 1835 quoniam
338 1767 405 1820 bello
417 1769 541 1821 turbatur
551 1769 691 1836 utrimque,

73 1836 144 1889 Hinc
156 1837 275 1903 flammis,
286 1838 360 1889 illinc
373 1838 465 1903 ventis,
476 1838 633 1906 humoreque
645 1839 737 1891 mixto.

108 1907 166 1959 Hoc
177 1913 217 1959 est
228 1907 333 1974 igniferi
345 1913 468 1959 nutrirem
479 1907 598 1958 fulminis
609 1907 695 1974 ipsam

73 1975 228 2045 Perspicere,
241 1983 268 2029 et
281 1994 332 2044 qua
344 1977 371 2028 vi
382 1977 464 2028 faciat
475 1993 531 2028 rem
543 1992 672 2044 quemque
683 1975 788 2029 ridere:
859 1979 911 2030 380

72 2043 98 2095 N
99 2062 132 2096 on
145 2046 279 2112 Tyrrhena
291 2053 360 2098 retro
372 2046 520 2097 volventem
532 2045 648 2097 carmina
659 2045 760 2097 frustra

73 2112 176 2166 Iudicia
188 2114 296 2166 occultae
309 2113 401 2165 divim
413 2115 561 2181 perquirere
572 2113 662 2179 menti,

72 2182 149 2234 Unde
161 2183 251 2234 volans
263 2183 332 2251 ignis
344 2183 498 2250 pervenerit,
510 2188 558 2235 aut
569 2183 598 2233 in
609 2189 698 2235 utram
711 2199 738 2235 se

73 2250 188 2304 Verterit
200 2252 243 2304 hic
256 2258 364 2319 partem,
377 2269 427 2319 quo
440 2258 516 2319 pacto
528 2269 574 2320 per
585 2252 642 2303 loca
655 2259 729 2320 septa

73 2321 226 2384 insinuarit,
239 2328 266 2373 et
277 2322 339 2372 hinc
352 2321 501 2372 dominatus
514 2327 544 2373 ut
556 2321 682 2373 extulerit
694 2338 736 2384 ee;

73 2389 174 2452 Quidve
186 2407 278 2442 nocere
291 2397 369 2457 queat
381 2390 413 2441 de
426 2390 489 2441 coelo
501 2390 620 2441 fulminis
633 2391 708 2441 ictus.

108 2457 181 2521 Quod
194 2458 216 2510 si
228 2459 336 2526 Jupiter
347 2465 427 2525 atque
439 2458 484 2510 alii
496 2458 627 2526 fulgentia
639 2459 694 2510 divi

72 2525 193 2578 Terrifico
206 2528 331 2593 quatiunt
344 2529 430 2580 sonitu
443 2527 557 2579 coelestia
569 2527 675 2596 temple,

72 2593 107 2645 Et
115 2595 220 2661 jaciunt
232 2596 327 2662 ignem,
341 2614 392 2664 quo
404 2595 498 2662 cuique
511 2602 550 2648 est
562 2614 673 2665 cumque
685 2597 825 2664 voluntas;

398 2680 516 2731 sliqnoris;
534 2681 581 2721 MS.
