1928 2964
326 142 435 195 LIBER
452 142 643 198 SECUNDUS.
872 149 906 196 55

61 242 116 296 Neo
128 243 281 314 quidquam,
294 246 366 314 quod
377 263 431 298 non
442 246 573 315 permixto
586 246 683 299 semine
696 251 812 310 constet3

63 312 97 364 Et
110 329 283 382 quacumque
295 315 380 382 magis
391 317 431 367 vis
442 315 541 368 multas
552 317 667 384 possidet
680 316 708 366 in
720 333 747 368 se

62 381 150 449 Atque
162 389 314 450 potestates,
326 385 366 435 ita
377 384 491 452 plurima
503 385 692 452 principiorum

63 450 95 502 In
107 468 162 503 sese
174 469 271 518 genera
282 470 314 504 ac
326 453 412 504 varias
424 454 501 505 docet
512 471 568 505 esse
578 453 684 521 figuras.
717 489 755 555 ἡ

96 519 239 588 Principio,
251 521 331 572 tellus
343 522 424 573 habet
435 522 464 573 in
476 539 504 574 se
515 538 622 590 corpora
634 522 728 590 prima,

63 587 139 640 Unde
150 607 224 641 mare
236 590 395 642 immensum
406 591 540 643 volventes
552 591 651 658 frigora
662 591 748 643 fontes
854 594 906 643 ⁶90

62 657 175 710 Assiduo
186 664 326 711 renovent:
344 659 431 725 habet,
444 660 518 726 ignes
530 661 602 712 unde
614 660 742 714 oriantur.

59 725 132 780 Nam
143 727 236 778 multis
248 744 372 779 succensa
384 727 446 780 locis
459 729 552 780 ardent
565 728 619 779 sola
631 734 724 792 terrae;

61 795 175 846 Eximiis
186 813 247 848 vero
259 796 326 848 furit
338 797 443 863 ignibus
455 798 570 865 impetus
581 798 679 850 AEtnae.

62 864 129 916 Tum
176 881 219 916 rro
231 865 329 917 nitidas
341 867 430 933 fruges
443 866 601 934 arbustaque
613 866 676 918 laeta

62 933 141 985 Genti
159 951 192 984 us
203 933 326 986 humanis
338 934 419 986 habet
430 936 501 986 unde
514 935 639 987 extollere
651 934 747 1004 possit:

62 1001 139 1054 Unde
151 1002 234 1054 etiam
245 1003 340 1055 fluidas
351 1004 457 1055 frondes
469 1011 495 1056 et
507 1004 606 1072 pabula
618 1004 680 1057 laeta

63 1070 221 1139 Montivago
234 1073 323 1140 generi
335 1073 417 1140 possit
429 1072 544 1141 praebere
555 1073 679 1127 ferarum.

357 1181 398 1234 Dc
409 1191 491 1235 orati-c
502 1199 608 1252 magna

95 1278 184 1341 Quare
196 1294 293 1344 magna
305 1275 384 1328 deum
395 1280 487 1342 mater,
499 1279 636 1342 materque
647 1273 771 1340 ferarum,

60 1346 96 1398 Et
107 1346 194 1398 nostri
206 1345 327 1413 genetrix
340 1345 396 1396 haec
409 1345 481 1395 dicta
493 1350 533 1395 est
546 1343 658 1411 corporis
671 1360 733 1395 uua.

60 1415 139 1468 Hanc
150 1420 251 1471 veteres
264 1412 373 1466 Graiirm
384 1413 456 1465 docti
468 1411 584 1464 cecinere
596 1417 681 1480 poetae
851 1414 904 1464 600

59 1483 172 1537 Sedibus
183 1483 213 1534 in
225 1500 303 1535 curru
314 1482 417 1550 bijugos
424 1481 530 1548 agitare
542 1481 643 1534 leones:

60 1553 137 1606 Aeris
149 1553 180 1604 in
191 1552 276 1620 spatio
288 1568 412 1618 magnam
424 1550 537 1618 pendere
549 1550 672 1602 docentes

60 1622 200 1688 Tellurem,
212 1638 298 1689 neque
310 1637 383 1688 posse
396 1620 425 1670 in
438 1625 508 1670 terra
520 1619 611 1670 sistere
622 1624 728 1673 terram.

60 1691 215 1758 Adiunxere
226 1691 311 1752 feras;
330 1689 392 1756 quia
404 1688 524 1756 quamvis
536 1688 615 1740 effera
626 1689 712 1756 proles

61 1760 160 1813 Officiis
173 1759 251 1812 debet
262 1758 359 1811 molliri
371 1759 442 1811 ricta
453 1763 611 1825 parentum:

226 1875 311 1942 Quare
323 1893 418 1929 corona
430 1874 544 1928 marolis
555 1874 635 1928 datur
649 1873 743 1946 Cybeli.

59 1960 213 2028 Muralique
225 1967 306 2029 caput
318 1978 450 2012 summum
462 1961 568 2014 cinxere
580 1978 674 2015 corona
681 1981 688 2026 ;

59 2030 175 2082 Eximiis
186 2030 290 2082 munita
301 2030 365 2082 locis
378 2031 449 2097 quod
462 2031 574 2083 sustinet
586 2030 677 2084 urbes:

60 2099 118 2163 Quo
129 2115 203 2150 nunc
213 2097 312 2166 insigni
323 2115 370 2166 per
381 2116 490 2165 magnas
502 2100 614 2168 praedita
626 2105 708 2154 terras

59 2167 191 2221 Horrifiee
202 2166 287 2220 fertur
299 2167 395 2219 divinae
407 2168 498 2219 matris
510 2169 604 2236 image.

60 2237 140 2290 Hauc
151 2236 233 2289 variae
244 2244 336 2304 gentes
348 2236 457 2304 antiquo
468 2254 539 2289 more
551 2255 683 2290 sacrorum
852 2240 903 2289 610

60 2306 161 2358 Idaeam
173 2305 292 2359 vocitant
304 2311 422 2370 matrem,
435 2305 615 2374 Phrygiasque
628 2315 745 2359 catervas

59 2375 134 2428 Dant
146 2374 263 2441 comites,
276 2374 339 2442 quia
351 2375 466 2442 primurn
478 2392 511 2427 ex
523 2376 577 2427 illis
588 2376 685 2428 finibus
698 2375 781 2427 edunt

59 2444 253 2498 Percennium
265 2443 338 2497 orbes
350 2444 439 2510 fruges
452 2444 558 2512 coepisse
571 2445 659 2496 creari.

60 2513 149 2566 Gallos
161 2511 323 2573 attribuunt,
337 2512 406 2580 quia,
418 2529 517 2564 numen
529 2513 574 2580 qui
585 2511 710 2564 violarint

60 2581 161 2650 Matris,
175 2587 203 2637 et
214 2581 314 2648 ingrati
326 2579 488 2661 genitoribus
500 2581 602 2633 inventi
615 2581 677 2644 sint,

59 2650 212 2721 significare
224 2650 319 2703 volunt
330 2649 453 2716 indignos
465 2665 520 2702 esse
532 2648 676 2720 putandos,
