1928 2964
71 113 114 172 16'
382 117 410 170 Τ.
428 116 596 170 Luouuun

71 223 136 276 Haec
148 223 177 275 iu
188 240 239 291 quo
252 222 303 275 sita
314 229 384 290 sunt,
397 228 424 274 et
435 240 489 290 qua
501 222 603 274 diversa
614 228 760 275 moventur.
770 249 771 252 ¹

71 292 169 361 Corpus
181 292 252 344 enim
263 309 310 360 per
322 309 349 343 se
361 292 506 343 communis
519 291 623 342 dedicat
636 308 690 343 esse

71 361 167 413 Sensus
174 380 181 424 ;
199 361 243 412 cui
255 361 306 412 nisi
318 361 403 428 prima
414 360 478 411 fides
490 360 604 411 fundata
616 358 721 426 valebit,

72 430 153 482 Haud
165 430 222 496 erit,
235 429 344 481 occultis
356 430 388 481 de
400 429 477 480 r'ebus
489 446 541 496 quo
552 428 694 480 referentes

73 498 230 550 Confirmare
242 498 324 549 animi
336 498 480 565 quidquam
491 498 593 549 ratione
605 514 737 564 queamus.

73 566 141 618 Tum
152 583 228 634 porro
241 566 312 618 locus
324 584 355 618 ac
368 566 490 633 spatium,
503 566 574 633 quod
585 566 664 617 inane
676 582 808 632 vocamus,

25 691 27 695 ,
73 634 101 687 Si
113 635 218 687 nullum
230 635 304 701 foret,
316 634 388 687 haud
400 652 533 702 quaquam
546 635 597 686 sita
609 651 716 702 corpora
727 639 833 702 possent

73 704 143 768 Esse,
155 720 240 770 neque
252 704 358 755 omnino
371 720 502 770 quoquam
515 703 617 754 diversa
629 720 732 766 meare;

73 771 106 824 Id
118 773 187 840 quod
196 775 253 840 jam
265 789 344 840 supra
356 772 405 823 tibi
417 772 496 839 paulo
508 771 670 822 ostendimus
682 777 752 824 ante.

224 892 341 949 Tertiam
353 900 479 944 astaram
491 891 596 944 nullm
607 909 656 944 esse
669 909 765 945 reram.

109 978 238 1029 Praeterea
250 977 319 1028 nihil
331 983 378 1043 est,
391 976 461 1044 quod
474 977 555 1044 possis
567 977 679 1028 dicerem
691 976 725 1029 ab
737 976 809 1029 omni

75 1046 185 1115 Corpore
198 1048 347 1114 sejunctum
359 1052 539 1113 secretumque
551 1062 605 1096 esse
618 1045 651 1098 ab
663 1045 751 1099 inani:

76 1116 152 1179 Quod
165 1116 240 1182 quasi
252 1115 331 1167 tertia
341 1115 375 1165 sit
387 1131 474 1166 rerum
486 1119 583 1165 natura
593 1120 704 1182 reperta.

76 1185 145 1238 Nam
157 1184 342 1252 quodcumque
354 1183 411 1250 erit,
424 1199 478 1234 esse
490 1182 592 1249 aliquid
605 1182 710 1234 debebit
721 1182 750 1234 id
762 1182 853 1251 ipsum:

76 1253 208 1322 Augmine
220 1253 262 1305 vel
274 1253 374 1320 grandi,
387 1251 429 1304 vel
442 1268 522 1318 parvo
534 1251 648 1319 denique
660 1250 724 1302 dum
736 1251 786 1314 sit;

77 1321 126 1374 cni
138 1323 160 1374 si
172 1327 258 1374 tactus
270 1322 321 1373 erit
333 1320 452 1389 quamvis
464 1319 529 1371 levis
542 1320 715 1387 exiguusque,

77 1390 194 1459 Corporis
206 1390 315 1457 augebit
326 1406 472 1454 numerum,
485 1406 663 1456 summamque
676 1394 811 1456 sequetur3

78 1458 124 1511 Sin
136 1458 256 1510 intactile
268 1458 324 1523 erit,
337 1457 412 1509 nulla
424 1457 457 1509 de
468 1463 543 1524 parte
556 1458 625 1525 quod
638 1457 720 1509 ullam

79 1528 144 1578 Rem
155 1527 291 1594 prohibere
304 1532 384 1593 queat
395 1542 442 1593 per
454 1543 481 1577 se
494 1527 605 1578 transire
616 1533 762 1579 meantem:

78 1595 183 1648 Scilicet
194 1595 244 1646 hoc
256 1595 284 1646 id
296 1595 346 1646 erit
357 1611 477 1660 vacuum,
490 1595 559 1663 quod
571 1595 649 1647 inane
662 1613 791 1647 vocamus.

112 1664 242 1716 Praeterea
253 1681 300 1732 per
312 1681 338 1716 se
351 1664 533 1731 quodcumque
545 1665 602 1730 erit,
614 1671 661 1717 aut
672 1665 753 1716 faciet
764 1664 835 1733 quid,

79 1735 134 1784 Aut
146 1732 204 1785 aliis
216 1732 293 1799 fungi
305 1732 409 1784 debebit
421 1732 559 1799 agentibus
571 1733 674 1800 ipsum;

79 1803 134 1853 Aut
146 1801 204 1869 erit,
216 1807 248 1854 ut
259 1802 359 1869 possint
370 1802 399 1853 in
411 1818 441 1852 eo
452 1818 493 1852 res
506 1819 560 1853 esse
573 1803 687 1870 gerique.

79 1871 116 1923 At
127 1871 212 1922 facere
225 1877 252 1923 et
263 1871 340 1937 fungi
353 1871 408 1922 sine
421 1887 525 1937 corpore
537 1870 611 1923 nulla
623 1877 710 1939 potest
721 1888 770 1940 res,

79 1939 134 1992 Nec
146 1940 259 2008 praebere
272 1939 358 1991 locum
370 1956 453 2006 porro,
464 1939 515 1990 nisi
527 1939 606 1991 inane
618 1957 771 2009 vacansque.

80 2009 148 2076 Ergo
160 2016 255 2077 praeter
267 2009 345 2060 inane
357 2014 384 2059 et
396 2024 502 2074 corpora
514 2009 593 2060 tertia
604 2026 651 2077 per
663 2025 689 2061 se

80 2077 161 2130 Nulla
173 2083 258 2146 potest
269 2094 356 2129 rerum
368 2077 397 2127 in
408 2093 516 2128 numero
528 2083 624 2130 natura
636 2079 764 2147 relinqui;

81 2147 135 2199 Nec
148 2163 206 2214 quae
220 2146 267 2197 sub
279 2163 368 2197 sensus
380 2145 458 2197 cadat
469 2145 525 2197 ullo
537 2151 653 2214 tempore
665 2154 772 2213 nostros,

82 2216 136 2268 Nec
147 2216 248 2268 ratione
260 2215 342 2267 animi
355 2231 435 2282 quam
447 2214 583 2282 quisquam
594 2216 677 2282 possit
689 2217 778 2285 apisci.

82 2285 150 2336 Nam
162 2300 330 2353 quaeoumque
342 2283 439 2348 cluent,
452 2289 498 2335 aut
510 2282 551 2334 his
564 2285 705 2350 conjuncta
717 2285 818 2338 duabus

84 2353 169 2405 Rebus
182 2372 212 2406 ea
224 2353 348 2418 iuvenies,
360 2357 408 2404 aut
420 2351 514 2403 horum
526 2360 621 2404 eventa
633 2353 737 2406 videbis.

83 2423 144 2490 Oonj
149 2429 258 2486 unctum
270 2429 310 2474 est
322 2422 356 2488 id,
370 2420 439 2488 quod
451 2437 586 2488 uunquam
599 2422 654 2473 sine
666 2423 804 2491 perniciali

83 2492 199 2544 Discidio
212 2492 280 2560 potis
293 2496 332 2542 est
345 2489 448 2557 sejungi
461 2505 538 2556 seque
550 2492 667 2557 gregari,'

84 2559 188 2612 Pondus
201 2561 241 2613 uti
254 2559 318 2626 saxi,
331 2558 400 2610 calor
411 2558 488 2624 iguis,
500 2557 587 2624 h'quor
599 2563 686 2628 aquai,

377 2663 391 2682 ¹¹
406 2655 474 2694 dicere
486 2656 563 2706 possin
579 2656 627 2695 Me.
