1928 2964
84 137 137 188 110
393 130 422 185 Τ.
440 129 609 182 LUORETII

82 236 157 289 Ostia
168 239 238 300 sunt,
251 250 309 300 quoe
321 231 484 284 contendunt
496 231 567 283 exire
580 236 680 284 coorta.

82 306 119 357 At
131 310 229 369 contra,
241 302 328 354 tenuis
341 301 436 353 summi
448 299 599 352 membrana
611 299 703 352 coloris

83 374 172 438 Quum
179 372 286 440 jacitur,
299 370 367 421 nihil
379 376 425 435 est,
439 369 508 436 quod
520 387 579 421 eam
591 369 736 436 discerpere
747 370 848 439 possit;

65 443 116 496 'In
128 449 252 511 promptu
263 439 387 508 quoniam
398 444 438 490 est
449 439 478 490 in
489 438 575 507 prima
586 439 672 490 fronte
684 438 778 492 locata

391 559 432 612 De
443 558 613 629 imqiae'bas.

117 645 251 697 Postremo
263 645 382 712 speculis,
394 645 423 696 in
435 662 511 712 aqua,
524 643 712 712 splendoreque
723 644 753 696 in
764 646 846 713 omni,

84 715 260 782 Quacumque
272 720 400 781 apparent
413 714 487 765 nobis
499 713 646 778 simulacra,
658 730 763 765 necesse
775 721 825 782 est,

83 783 301 850 Quandoquidem
313 783 393 834 simili
405 784 489 849 specie
502 789 564 834 sunt
576 782 687 851 praedita
698 799 796 850 rerum,

82 852 145 904 Esse
156 852 186 903 in
197 851 355 918 imaginibus
366 851 452 902 missis
464 851 603 903 consistere
614 868 711 905 eorum.

82 920 152 974 llam
163 938 211 973 cur
222 921 270 973 illa
281 920 377 972 cedant
389 920 473 987 magis
485 919 519 971 ab
531 920 658 988 rebusque
669 920 795 973 recedent
877 925 925 973 100

84 989 203 1058 Corpora,
215 1007 256 1041 res
267 990 357 1041 multae
369 1005 426 1055 quae
439 989 552 1040 mittunt
563 1006 668 1057 corpore
681 995 779 1057 aperto,

83 1059 169 1122 Quam
181 1076 239 1126 quae
251 1058 343 1110 tenuia
355 1065 423 1123 sunt,
435 1057 554 1109 hiscendi
566 1064 605 1109 est
616 1057 692 1109 nulla
703 1064 828 1126 potestas.

83 1127 151 1180 Sunt
164 1128 247 1195 igitur
259 1133 351 1179 tenues
363 1127 507 1178 formarum
520 1127 711 1194 dissimilesque

83 1196 196 1265 Effigies,
210 1196 365 1264 singillatim
377 1213 442 1263 quas
455 1213 559 1248 cernere
570 1213 646 1248 nemo

84 1265 173 1330 Quum
185 1266 273 1334 possit,
286 1273 382 1330 tamen,
395 1265 498 1317 assiduo
510 1264 651 1332 crebroque
661 1265 770 1333 repulsu

84 1334 205 1402 Rejectae,
217 1335 332 1387 reddunt
345 1334 509 1401 speculorum
521 1352 555 1385 ex
567 1350 669 1402 sequere
681 1335 781 1388 visum:

84 1403 139 1456 Nec
149 1404 252 1456 ratione
264 1403 317 1455 alia
329 1403 426 1454 servari
439 1420 512 1470 posse
524 1402 649 1455 videntur

84 1473 237 1540 Tantopere,
249 1477 281 1524 ut
293 1472 390 1524 similes
401 1471 546 1524 reddantur
558 1473 651 1540 cuique
663 1472 763 1539 figurae.

118 1540 197 1594 Nunc
209 1558 265 1608 age,
278 1558 358 1609 quam
370 1542 445 1593 tenui
457 1548 553 1593 natura
566 1547 668 1593 constet
679 1543 775 1609 imago,

84 1609 209 1678 Percipe;
227 1611 295 1663 etin
307 1610 405 1678 primis,
418 1611 542 1677 quoniam
553 1610 695 1678 primordia
707 1617 816 1664 tantum
879 1616 928 1665 110

84 1678 153 1731 Sunt
164 1679 235 1730 infra
246 1685 347 1731 nostros
360 1696 457 1743 sensus,
469 1684 596 1747 tantoque
608 1680 716 1746 minora,
907 1678 910 1686 ’

84 1748 170 1812 Quam
183 1765 240 1816 quae
252 1748 367 1815 primum
379 1748 449 1800 oculi
461 1753 578 1816 coeptant
590 1766 643 1800 non
656 1765 729 1816 posse
741 1750 819 1802 tucri.

84 1816 163 1869 Nunc
175 1822 271 1883 tamen,
283 1818 311 1869 id
324 1834 427 1884 quoque
439 1818 480 1868 uti
493 1817 649 1883 confirmem,
662 1818 770 1870 exordia
781 1836 872 1872 rerum

84 1885 245 1940 cuneorum
256 1903 336 1955 quam
349 1887 402 1938 sint
414 1886 529 1952 subtilia,
541 1887 646 1954 percipe
658 1886 756 1953 paucis.

308 2007 395 2072 Quam
403 2023 491 2076 parva
502 2006 558 2059 1111
569 2005 710 2058 animalia.

120 2091 248 2158 Primum,
261 2091 387 2143 animabo
400 2097 462 2143 sunt
470 2093 528 2158 jem
540 2091 638 2158 partim
651 2089 764 2158 tantula,
777 2107 871 2144 eorum
884 2099 914 2146 ut

85 2161 173 2214 Tertia
185 2178 244 2230 pars
256 2160 331 2212 nulla
343 2160 424 2227 possit
436 2161 537 2212 ratione
549 2160 639 2212 videri.

85 2232 189 2283 Horum
200 2229 356 2281 intestinum
368 2229 477 2297 quodvis
490 2229 566 2296 quale
578 2247 633 2280 esse
645 2227 794 2296 putandum
806 2230 868 2284 estl

86 2300 156 2363 Quid
168 2299 252 2351 cordis
264 2297 365 2366 globus,
377 2304 425 2349 aut
438 2298 524 2350 oculil
537 2298 601 2367 quid
613 2297 747 2350 membral
760 2298 827 2364 quid
839 2297 930 2352 artusl

87 2369 222 2432 Quantula
234 2367 313 2420 suntl
332 2368 395 2436 quid
408 2374 535 2435 praeterea
547 2367 689 2434 primordia
701 2383 822 2434 quaeque,

86 2436 163 2488 Unde
171 2438 260 2489 anima
268 2443 347 2504 atque
356 2437 438 2488 animi
448 2442 549 2488 constet
557 2443 651 2488 natura
660 2453 797 2487 necessum
805 2443 853 2504 est,
880 2441 929 2490 120

86 2505 180 2559 Nonne
193 2506 272 2572 vides,
285 2523 365 2573 quam
377 2507 430 2557 sint
443 2505 557 2571 subtilia,
570 2522 700 2573 quamque
712 2505 838 2559 minutal

122 2572 258 2640 Praeterea,
272 2591 443 2641 qusecumque
456 2591 502 2625 suo
514 2574 546 2626 de
558 2591 663 2641 corpore
675 2575 781 2626 odorem

83 2641 231 2711 Exspirant
242 2659 336 2708 acrem,
348 2660 467 2714 panaces,
480 2642 612 2695 absinthia
625 2648 701 2711 tetra,
