1928 2964
71 145 105 194 22
378 143 406 196 Τ.
425 144 592 196 nocuuril

72 245 180 297 Credere
192 260 266 312 posse
278 245 404 310 animum,
417 246 503 297 victus
515 246 614 298 fateare
626 263 731 300 necesse
743 253 791 315 est,

71 314 134 366 Esse
146 330 184 379 ea,
197 330 256 380 quae
268 314 349 365 nullis
357 316 415 382 jam
427 315 537 382 praedita
549 315 667 382 partibus
680 323 793 384 exstent,

71 383 106 435 ut
118 383 228 434 minima
240 389 360 435 constent
372 389 481 435 natura:
499 400 557 451 quae
570 385 694 451 quoniam
707 391 777 450 sunt,
864 389 876 438 Ε

72 452 123 504 Illa
135 469 237 520 quoque
249 469 303 504 esse
315 452 366 504 tibi
378 451 460 504 solida
472 458 552 519 atque
564 458 662 505 {eterna
673 454 821 508 fatendum,

107 521 235 588 Denique,
247 522 276 572 ni
288 521 410 573 minimas
422 521 451 571 in
463 528 551 589 partes
563 528 673 574 cunctat
684 523 779 576 resolvi

72 590 168 657 Cogere
181 596 329 642 consuesset
340 606 427 641 rerum
439 596 535 642 natura
547 591 669 659 creatrix,

72 659 92 711 J
93 677 136 711 am
148 659 216 710 nihil
229 677 262 710 ex
273 659 326 710 illis
339 658 430 710 eadem
441 676 562 726 reparare
574 660 687 712 valeret:

72 727 213 795 Propterea
225 728 294 795 quia,
307 745 365 795 quae
377 727 457 779 nullis
470 733 532 779 sunt
544 729 663 796 partibus
675 733 761 799 aucta,

72 796 132 849 Non
144 802 252 864 possunt
265 814 303 863 ea,
316 814 374 864 quae
387 797 464 848 debet
476 797 599 864 genitalis
611 797 706 851 habere

74 865 204 933 Materies,
216 865 301 917 varios
313 883 452 932 connexus,
465 866 587 934 pondera,
600 867 698 934 plagas,

74 935 227 1001 Concursus,
239 940 333 1002 motus,
346 952 392 1002 per
404 952 469 1003 quas
481 953 521 986 res
534 951 642 1004 quaque
654 941 789 1004 genmtur.

354 1051 451 1105 Contra
463 1051 636 1104 Heraclitum.

109 1138 279 1207 Quapropter,
292 1136 338 1206 qui
350 1139 487 1190 materiem
498 1155 586 1189 rerum
599 1155 653 1189 esse
665 1139 794 1206 putarunt

75 1207 174 1275 Ignem,
187 1214 266 1276 atque
279 1225 312 1259 ex
324 1207 380 1274 igni
393 1225 522 1259 summam
535 1207 673 1259 consistere
686 1206 747 1273 solo,

74 1277 233 1345 Magnopere
245 1295 262 1328 a
273 1294 335 1328 vera
346 1277 414 1345 lapsi
425 1277 527 1328 ratione
539 1276 670 1328 videntur.

75 1345 225 1398 Heraclitus
237 1346 288 1398 init
300 1363 412 1414 quorum
424 1345 480 1396 dux
493 1344 585 1412 proelia
597 1344 705 1425 primus,

75 1415 165 1466 Clarus
178 1415 210 1466 ob
222 1415 357 1467 obscuram
369 1415 490 1482 linguam
501 1414 585 1480 magis
598 1419 667 1465 mter
678 1412 777 1481 inanes,
865 1417 876 1468 Ε

75 1483 194 1547 Quamde
205 1501 297 1550 graves
309 1484 378 1536 inter
391 1484 488 1549 Graios,
501 1482 547 1551 qui
559 1501 621 1535 vera
632 1483 778 1550 requirunt.

75 1551 170 1604 Omnia
182 1553 251 1604 enim
264 1553 352 1605 stolidi
363 1554 448 1620 magis
460 1552 625 1604 admirantur
637 1559 787 1622 amantque,

75 1621 188 1673 Inversis
201 1639 258 1689 quae
271 1622 318 1674 sub
330 1622 415 1674 verbis
427 1622 562 1674 latitantia
574 1628 685 1673 cernunt
692 1639 699 1684 ;

75 1690 194 1759 Veraque
206 1692 380 1758 constituunt,
393 1709 451 1760 quse
463 1691 531 1742 belle
544 1697 652 1758 tangere
664 1694 775 1758 possunt

74 1759 165 1826 Aures,
178 1765 205 1811 et
217 1759 304 1827 lepido
317 1777 374 1828 quae
388 1767 449 1812 sunt
461 1760 552 1811 fucata
564 1776 662 1811 sonore.

109 1829 178 1880 Nam
190 1846 236 1880 cur
248 1836 304 1881 tam
316 1829 394 1881 variae
407 1847 447 1880 res
460 1835 564 1897 possent
577 1846 639 1894 esse,
651 1827 763 1897 requiro,

74 1897 116 1948 Ex
128 1906 200 1949 unou
214 1898 235 1949 si
247 1905 309 1950 sunt
321 1899 377 1966 igni
408 1916 505 1966 uroque
518 1897 627 1950 creatal

74 1966 122 2018 Nil
134 1967 265 2034 prodesset
278 1968 349 2019 enim
362 1915 478 2019 calidum
490 1967 620 2019 denserier
631 1967 729 2035 ignem,

73 2035 99 2087 N
100 2053 129 2087 ec
141 2036 262 2101 meliori,
275 2037 297 2088 si
309 2044 396 2104 partes
409 2037 477 2103 ignis
490 2036 599 2088 eandem

73 2104 211 2171 Naturam,
224 2123 303 2173 quam
315 2112 386 2157 totus
399 2106 478 2157 habet
491 2123 567 2173 super
579 2105 657 2172 ignis,
668 2103 802 2158 baberent.
865 2108 876 2158 l

73 2174 165 2227 Acrior
177 2174 256 2226 ardor
268 2174 338 2225 enim
351 2175 487 2226 conductis
499 2174 618 2242 partibus
631 2179 711 2225 esset:

73 2240 235 2310 Languidior
247 2260 323 2310 porro
336 2243 451 2312 disjectis
464 2243 555 2310 disque
568 2243 676 2310 supatis.

73 2312 194 2379 Amplius
206 2312 256 2363 hoo
268 2311 325 2363 lieri
336 2313 404 2363 nihil
417 2319 456 2364 est
468 2311 538 2379 quod
549 2329 624 2380 posse
635 2310 716 2362 rearis

74 2380 180 2432 Talibus
192 2381 221 2432 in
233 2381 334 2444 causis3
353 2381 451 2432 nedum
463 2380 594 2432 variantia
605 2398 693 2432 rerum

73 2449 158 2501 Tanta
171 2456 250 2517 queat
263 2450 349 2501 densis
361 2451 478 2517 rarisque
491 2467 524 2500 cx
536 2449 642 2515 ignibus
655 2465 716 2501 esse.

76 2517 108 2569 Id
120 2535 230 2586 quoque,
244 2519 264 2570 si
277 2520 378 2570 iaciant
391 2519 541 2570 admixtum
553 2517 630 2568 rebus
643 2518 729 2584 inane,

73 2587 183 2639 Denseri
195 2593 321 2655 poterunt
333 2589 414 2656 ignes,
426 2587 531 2655 rarique
543 2586 671 2654 relinqui:

183 2682 278 2733 ‘rupen
294 2684 341 2723 Me.
613 2688 621 2707 ¹
636 2693 699 2729 vero;
713 2681 761 2720 ΜΕ.
