1928 2964
319 147 428 200 LIBER
445 147 634 202 SECUNDUS.
860 153 895 202 43

51 248 131 303 Nitu
142 269 249 304 rursum
255 250 334 320 ferri
345 249 623 320 commodorum-sed
629 268 722 321 pressu
734 269 751 304 a
762 250 897 305 radicibus
921 270 923 275 ’

341 336 477 388 exsurgere
489 337 605 389 corpora.

84 404 110 456 N
110 422 164 457 unc
176 405 250 456 loeus
262 410 310 472 est,
322 410 355 456 ut
367 405 464 472 opinor,
477 405 506 456 in
518 405 560 456 his
572 405 639 457 illud
651 422 755 474 quoque
766 405 844 458 rebus

54 473 211 526 confirmare
223 474 281 540 tibi,
294 474 396 525 nullam
407 492 462 526 rem
474 492 547 543 posse
560 492 608 526 sua
620 475 646 527 vi

53 542 207 611 Corporeum
220 556 324 594 sursum
335 542 398 594 ferri
410 559 564 612 sursumque
575 559 669 596 meare.

53 611 90 663 Ne
102 611 155 664 tibi
167 611 233 664 dent
244 612 274 663 in
286 628 317 664 eo
328 612 493 664 flammarum
505 628 612 681 corpora
623 610 756 666 fraudem:

54 679 148 732 Sursus
161 681 233 732 enim
245 698 335 733 vorsus
347 681 502 748 gignuntur,
514 687 541 734 et
553 683 678 749 augmine
691 689 812 735 sumunt:

55 749 86 802 Et
99 767 207 802 sursum
219 750 312 801 nitidae
323 750 412 817 fruges
424 751 583 818 arbustaque
595 757 722 818 creseunt,
846 754 895 805 189

55 818 181 885 Pondere,
192 827 323 886 quantum
335 819 363 870 in
373 837 400 870 se
409 825 456 887 est,
466 837 526 872 eum
536 820 656 872 deorsum
666 826 762 873 cuncte
770 822 895 874 serantur.

55 887 106 940 Nee
119 905 205 956 quum
218 887 361 940 subsiliunt
372 889 446 956 ignes
458 889 493 941 ad
504 895 576 941 tecta
588 889 730 957 domorum,

55 956 87 1009 m
98 957 182 1010 celeri
194 956 301 1009 flamma
313 957 455 1025 degustant
467 960 543 1025 tigna
554 958 700 1027 trabesque,

55 1025 153 1094 Sponte
166 1044 216 1078 sue
227 1027 312 1078 faeere
324 1026 352 1078 id
364 1027 420 1079 sine
432 1028 459 1079 vi
471 1026 608 1094 subigente
620 1028 769 1096 putendum
781 1034 834 1080 est:

56 1095 130 1159 Quod
143 1113 237 1163 genus,
250 1112 264 1147 e
276 1101 364 1147 nostro
376 1113 458 1164 quum
470 1097 564 1148 missus
577 1113 682 1165 corpore
695 1098 801 1165 sanguis

55 1162 160 1216 Emicat
174 1164 312 1216 exsultans
324 1165 378 1216 ulte
390 1166 542 1234 spargitque
554 1183 678 1219 cruorem.

55 1233 150 1287 Nonne
162 1233 237 1286 vides
250 1234 338 1300 etiam,
350 1241 449 1302 quante
461 1235 488 1286 vi
501 1234 576 1302 tigna
588 1235 726 1304 trabesque

56 1303 176 1372 Respuet
190 1302 284 1354 humor
296 1302 388 1370 aquae?
406 1303 432 1354 N
432 1320 482 1369 am,
495 1321 546 1371 quo
558 1305 642 1371 magis
654 1305 768 1356 ursimus
780 1304 834 1356 alte

55 1372 173 1438 Dissuta,
186 1376 214 1423 et
224 1388 322 1440 magna
333 1372 361 1424 vi
372 1372 450 1424 multi
462 1373 602 1441 pressimus
615 1391 690 1440 segre,

56 1441 119 1494 Tam
132 1440 231 1509 cupide
243 1457 347 1492 sursum
357 1441 467 1493 revomit
479 1443 563 1508 magis
575 1448 654 1510 atque
665 1443 785 1510 remittit,

56 1510 118 1563 Plus
132 1519 165 1562 ut
177 1515 253 1578 parte
264 1511 333 1578 fores
346 1516 480 1578 emergant
493 1511 673 1579 exsiliantque.
847 1516 897 1564 200

56 1579 109 1633 Nec
122 1586 216 1632 tamen
228 1579 291 1645 haee,
303 1585 434 1647 quantum
446 1587 485 1632 est
497 1581 525 1631 in
539 1598 572 1647 se,
585 1579 744 1648 dubitamus,
756 1582 854 1650 opinor,

57 1648 127 1714 Quin
140 1665 256 1700 vacuum
267 1665 314 1716 per
326 1649 404 1700 inane
416 1648 537 1701 deorsum
549 1657 645 1702 cuncta
656 1651 782 1704 ferantur.

56 1717 97 1771 sic
110 1718 198 1786 igitur
209 1716 306 1769 debent
317 1717 429 1770 flamme
443 1735 544 1786 quoqne
556 1735 629 1786 posse
641 1738 688 1788 per
700 1737 776 1772 euros

56 1789 133 1841 Aeris
147 1803 276 1855 expressae
289 1803 392 1838 sursum
404 1787 555 1858 succedere3
574 1805 735 1858 quamquam

56 1856 185 1922 Pondere,
200 1861 330 1924 quantum
342 1857 410 1908 inse
422 1862 469 1924 est,
482 1856 602 1908 deorsum
614 1858 741 1911 deducere
753 1863 873 1928 pugnent
885 1877 891 1920 ;

56 1925 261 1993 Nocturnasque
273 1925 350 1991 faces,
363 1925 421 1977 coeli
434 1925 544 1977 sublime
556 1926 681 1991 volantes,

56 1995 152 2048 Nonne
165 1994 238 2047 vides
250 1994 341 2062 longos
354 1993 520 2046 flammarum
533 1995 626 2048 ducere
639 2002 748 2064 tractus,

57 2065 87 2117 In
101 2079 284 2132 quascumque
296 2063 370 2115 dedit
382 2069 469 2131 partes
481 2069 578 2116 natura
589 2065 724 2118 meatum?

57 2133 115 2187 Non
128 2133 224 2185 cudere
236 2133 265 2183 in
277 2138 373 2184 terram
386 2133 483 2199 stellas,
495 2139 522 2185 et
535 2134 619 2186 sidere
631 2136 732 2194 cernis?

57 2202 99 2256 Sol
112 2203 197 2255 etium
210 2218 310 2253 summo
323 2202 356 2252 de
368 2202 466 2253 vertice
478 2201 589 2271 dissipat
601 2221 690 2256 omnes
849 2205 900 2254 210

57 2273 186 2325 Ardorem
198 2271 227 2322 in
239 2276 335 2339 partes,
348 2275 375 2322 et
387 2270 487 2324 lumine
499 2274 612 2325 conserit
624 2291 701 2326 arva:

57 2341 88 2394 In
100 2348 187 2394 terras
199 2339 284 2408 igitur
295 2356 398 2407 quoque
411 2338 471 2392 solis
484 2341 604 2408 vergitur
612 2343 696 2394 ardor.

57 2410 280 2478 Transversosque
292 2409 379 2460 volere
391 2426 438 2477 per
449 2409 544 2462 imbres
556 2411 669 2463 fulmina
681 2410 780 2463 cernis:

57 2479 136 2532 Nunc
149 2479 221 2544 hine,
234 2495 306 2530 nune
318 2478 393 2529 ilh'ne
405 2478 512 2546 abrupti
524 2479 637 2531 nubibus
649 2480 724 2546 ignes

59 2549 238 2611 Concursum
256 2547 328 2600 eadit
340 2548 369 2598 in
381 2553 463 2599 terres
475 2549 515 2600 ris
527 2547 648 2599 flammeo
659 2547 745 2615 vulgo.

64 2646 67 2654 ,
91 2617 166 2672 Illud
179 2617 208 2668 in
220 2616 262 2668 his
275 2632 377 2685 quoque
389 2621 416 2667 te
428 2616 505 2667 rebus
518 2632 670 2683 cognoscere
682 2633 803 2671 avemus:

59 2687 172 2758 Corpora
185 2701 266 2753 quum
279 2685 399 2737 deorsum
411 2690 516 2739 rectum
528 2703 576 2758 per
587 2685 672 2742 inune
681 2686 825 2752 ieruntur,

889 2800 946 2924 A
