1928 2964
365 146 474 200 LIBER
491 146 635 200 PRIMUS.

58 247 100 299 Ad
112 247 257 316 coelumque
269 249 340 301 ferat
351 249 468 301 flammai
481 249 588 316 fulgura
599 265 711 300 rursum.

58 316 121 380 Quae
134 334 194 369 cum
205 335 305 386 magna
316 319 400 370 modis
412 317 504 369 multis
516 317 637 369 miranda
649 317 754 368 videtur

58 385 186 438 Gentibus
197 387 323 439 humanis
334 387 413 454 regio,
426 386 585 452 visendaque
597 387 688 451 fertur,

58 453 147 506 Rebus
159 456 247 524 opima
258 456 341 522 bonis,
348 455 438 523 ¹multa
450 456 555 508 munita
567 455 653 508 virum
665 455 705 507 vi:

57 523 104 575 Nil
116 531 206 575 tamen
219 525 269 577 hoc
280 525 402 577 habuisse
414 525 470 576 viro
483 524 633 592 praeclarius
645 524 674 575 in
687 540 720 586 se,
848 523 897 574 730

57 592 114 644 Nec
127 599 250 645 sanctum
262 595 346 662 magis
359 600 385 645 et
397 594 494 645 mirum
506 610 655 660 carumque,
667 593 778 644 videtur.

59 661 183 714 Carmina
195 662 260 730 quin
272 665 353 715 etiam
366 663 449 716 divini
461 663 572 731 pectoris
584 664 641 730 ejus

58 729 253 799 Vociferantur‚
267 739 294 784 et
306 738 443 800 exponunt
455 731 581 800 praeclara
592 737 710 799 reperta3

58 799 96 852 Ut
107 801 156 852 vix
168 801 286 854 humana
298 802 419 854 videatur
432 801 512 868 stirpe
525 806 634 852 creatus.

93 869 147 922 Hic
160 877 251 922 tamen
263 878 296 937 et,
310 888 389 938 supra
401 887 464 937 quos
476 869 599 936 diximus,
611 869 744 921 inferiores

58 937 184 992 Partibus
197 940 300 1006 egregie
311 939 410 1004 multis,
422 938 559 1006 multoque
569 939 689 1004 minores,

59 1008 235 1075 Quamquam,
247 1009 332 1060 multa
343 1009 410 1059 bene
422 1025 453 1060 ao
465 1008 593 1060 divinitus
605 1008 775 1073 invenientes,

58 1075 100 1129 Ex
112 1077 196 1144 adyto
208 1083 335 1145 tanquam
347 1077 431 1129 cordis
442 1094 564 1144 responsa
576 1077 669 1128 dedere

58 1145 193 1212 Sanctius,
206 1152 233 1197 et
244 1147 328 1198 multo
338 1152 409 1198 certa
420 1146 522 1198 ratione
533 1147 625 1213 magis,
637 1163 716 1213 quam

58 1214 167 1282 Pythia,
180 1232 239 1282 quse
251 1216 353 1283 tripode
365 1233 398 1267 ex
411 1215 503 1267 Phoebi
515 1215 640 1282 lauroque
652 1215 787 1282 profatur;
848 1213 897 1264 740

58 1283 202 1352 Principiis
215 1289 303 1337 tamen
314 1285 344 1337 in
355 1302 443 1337 rerum
454 1285 538 1336 fecere
549 1284 645 1349 ruinas,

58 1352 95 1405 Et
106 1353 226 1421 graviter
236 1355 326 1421 magni
337 1371 433 1422 magno
446 1353 561 1404 cecidere
573 1352 610 1403 ibi
623 1369 697 1404 casu.

58 1421 188 1488 Primum,
201 1423 271 1489 quod
281 1429 375 1489 motus,
388 1428 510 1490 exempto
521 1422 598 1473 rebus
610 1421 691 1488 inani,

59 1491 239 1558 donatiuum,
252 1498 278 1544 et
289 1510 329 1544 res
341 1492 432 1544 molles
444 1509 567 1559 rarasque
579 1489 740 1558 relinquunt,

58 1560 137 1626 Aera,
151 1559 239 1626 solem,
251 1561 347 1628 ignem,
360 1568 449 1627 terras,
462 1560 593 1625 animalia,
606 1560 709 1627 fruges;

58 1628 84 1680 N
85 1647 115 1681 ec
127 1637 219 1682 tamen
231 1630 376 1682 admiscent
388 1631 417 1681 in
429 1647 518 1682 eorum
531 1646 623 1696 corpus
635 1629 720 1680 inane.

58 1697 170 1762 Deinde,
183 1698 254 1765 quod
266 1701 371 1752 omnino
383 1699 463 1751 finem
475 1716 528 1750 non
540 1715 594 1750 esse
606 1698 724 1749 secandis

59 1766 216 1836 Corporibus
227 1768 337 1833 faciunt,
350 1785 435 1835 neque
447 1785 557 1837 pausam
569 1773 638 1819 stare
649 1767 760 1834 fragori;

58 1836 83 1888 N
84 1854 114 1889 ec
125 1853 246 1905 prorsum
257 1837 286 1888 in
297 1838 375 1889 rebus
387 1838 527 1889 minimum
539 1837 678 1888 consistere
691 1835 849 1904 quidquam:

59 1905 149 1968 Quum
162 1905 297 1958 videamus
309 1906 337 1957 id
350 1913 497 1959 extremum
509 1907 636 1974 cujusque
649 1921 775 1957 cacumen
846 1903 896 1955 750

58 1972 128 2040 Esse,
141 1974 212 2042 quod
225 1975 259 2027 ad
271 1992 361 2027 sensus
374 1984 474 2028 nostros
486 1975 626 2027 minimum
638 1991 692 2026 esse
704 1975 809 2026 videtur
816 1992 823 2036 ;

59 2042 193 2112 Gonjicere
204 2049 236 2096 ut
248 2044 329 2112 possis
342 2062 375 2096 ex
386 2045 443 2111 hoc,
457 2044 526 2112 quod
538 2061 642 2096 cernere
654 2061 707 2094 non
717 2042 782 2111 quis,

59 2111 217 2166 Extremum
229 2113 300 2180 quod
311 2113 416 2180 habent,
429 2115 567 2165 minimum
580 2113 719 2164 consistere
730 2111 813 2163 rebus.
913 2150 916 2155 .

93 2181 157 2233 Huc
168 2182 271 2235 accedit
282 2183 354 2248 item,
367 2184 491 2250 quoniam
503 2183 645 2250 primordia
656 2199 744 2233 rerum

60 2249 155 2303 Mollia
166 2250 341 2316 constituunt,
354 2269 412 2319 quae
425 2269 471 2303 nos
483 2252 574 2303 nativa
586 2250 705 2304 videmus

58 2317 121 2372 Esse
132 2325 162 2372 et
172 2320 280 2372 mortali
292 2337 353 2371 cum
364 2337 468 2388 corpore
480 2321 617 2382 funditus3
636 2319 712 2386 atqui

57 2386 161 2441 Debent
171 2389 207 2442 ad
219 2388 334 2441 nihilum
341 2390 399 2456 jam
410 2407 496 2441 rerum
509 2406 610 2441 summa
621 2386 723 2453 reverti,

57 2455 97 2510 De
107 2457 247 2526 nihiloque
254 2464 351 2510 'renata
362 2459 492 2525 vigescere
504 2460 579 2526 copia
590 2473 690 2508 rerum:

59 2524 176 2591 Quorum
189 2533 332 2594 utrumque
343 2527 408 2594 quid
420 2545 436 2579 a
448 2545 508 2580 vero
516 2529 573 2595 jam
586 2526 673 2590 distet,
686 2522 805 2576 habebas.
903 2539 923 2595 q(

90 2594 195 2648 Deinde
206 2596 315 2648 inimica
327 2595 410 2648 modis
422 2597 512 2648 multis
525 2600 587 2646 sunt
599 2599 678 2661 atque
690 2610 791 2645 venena
846 2593 895 2645 760

59 2663 119 2735 Ipsa
130 2665 182 2719 sibi
193 2665 265 2720 inter
277 2682 317 2718 se:
336 2682 416 2734 quare
428 2671 475 2719 aut
487 2679 624 2735 congressa
635 2661 772 2736 peribunt.
