1964 2970
354 149 461 200 LIBER
479 147 617 200 SEXTUS.
856 151 907 201 209

53 274 55 278 ³
68 251 209 318 Nimirum,
222 250 286 318 quia
298 256 360 302 sunt
373 251 517 301 multarum
530 251 628 300 semina
640 266 727 300 rerum
734 267 742 312 ;

66 322 103 373 Et
115 321 178 373 satis
190 321 245 371 haee
258 320 336 370 tellus
348 320 422 370 nobis
435 319 582 386 coelumque
594 319 657 368 mali
669 319 729 384 fert,

70 390 146 442 Unde
159 395 237 456 queat
249 389 288 438 vis
301 389 420 438 immensi
433 405 591 454 procrescere
603 387 693 439 morbi.

67 458 110 510 Sic
122 459 204 524 igitur
216 457 265 508 toti
278 457 342 507 coelo
355 464 482 523 terraeque
495 457 644 523 putandum
656 461 696 507 est

66 527 109 578 Ex
121 527 225 578 infinito
237 527 300 576 satis
313 525 400 576 omnia
412 526 585 592 suppeditare,

68 596 144 647 Unde
156 603 264 662 repente
276 601 354 661 queat
367 594 445 644 tellus
458 611 581 644 concussa
593 593 699 656 moveri,

68 663 169 730 Perque
181 681 252 715 mare
264 670 290 714 et
304 669 386 714 terras
398 663 504 729 rapidus
517 679 664 729 percurrere
678 660 760 728 turbu,

69 731 141 800 Ignis
153 732 287 783 abundare
299 733 424 796 AEtnaeus,
437 731 611 783 flammescere
623 731 715 782 crolum
727 750 733 794 ;
856 731 906 784 670

68 801 101 852 Id
113 818 214 868 quoque
227 801 297 852 euim
308 802 346 866 fit,
359 807 385 850 et
397 799 537 850 ardescunt
549 799 663 850 coelestia
676 800 782 866 templa,

69 871 107 922 Ut
119 876 286 936 tempestates
298 869 393 936 pluviae
406 868 523 934 graviore
536 875 625 918 coortu

69 937 144 1004 Sunt,
157 938 203 988 ubi
214 939 281 988 forte
293 939 332 988 ita
344 954 370 988 se
383 937 529 988 tetulerunt
542 937 641 987 semina
653 953 788 1003 aquarum.

104 1007 140 1058 At
152 1007 230 1056 nimis
242 1012 281 1057 est
293 1007 384 1072 ingens
396 1005 502 1056 incendi
516 1005 635 1055 turbidus
647 1006 729 1057 ardor.

69 1074 182 1141 Scilicet,
194 1081 220 1125 et
232 1075 335 1139 fluvius,
348 1074 393 1140 qui
405 1075 483 1139 visus,
496 1075 626 1124 maximus
639 1075 662 1124 ei
676 1081 722 1138 est,

71 1144 123 1208 Qui
134 1161 187 1194 non
199 1150 260 1195 ante
272 1143 385 1209 aliquem
397 1145 521 1210 majorem
533 1142 615 1205 vidit;
633 1151 660 1193 et
672 1143 764 1209 ingens

69 1211 153 1263 Arbor
164 1213 292 1278 homoque
305 1212 420 1262 videtur:
439 1217 466 1262 et
478 1212 566 1262 omnia
578 1212 610 1261 de
622 1229 716 1278 genere
729 1211 806 1277 omni,

71 1281 193 1333 Maxima
205 1297 263 1346 quae
276 1280 342 1331 vidit
355 1281 470 1347 quisque,
482 1280 538 1330 haec
551 1280 669 1346 ingentia
681 1280 771 1346 fingit:

71 1350 158 1412 Quum
170 1356 258 1400 tamen
271 1350 358 1400 omnia
369 1366 429 1398 cum
441 1348 505 1400 coelo
517 1355 639 1414 terraque
650 1349 767 1416 marique

70 1418 95 1469 N
96 1419 116 1468 il
128 1418 181 1469 sint
193 1418 227 1469 ad
239 1434 368 1468 summam
380 1420 492 1468 summai
505 1418 587 1468 totius
599 1434 708 1469 omnem.
855 1423 904 1470 680

105 1487 182 1538 Nunc
195 1493 290 1552 temen,
302 1486 349 1538 illa
361 1486 443 1537 modis
456 1486 550 1552 quibus
562 1487 666 1538 irritata
678 1492 784 1553 repente

71 1554 190 1607 Flamma
202 1555 270 1606 foras
282 1555 362 1606 vastis
374 1555 462 1606 AEtnae
474 1555 622 1606 fornacibus
635 1555 710 1620 efflet,

71 1623 224 1691 Expediam.
253 1623 378 1689 Primum,
391 1625 471 1675 totius
484 1625 597 1676 subcava
608 1625 703 1676 montis

71 1692 120 1743 Est
132 1698 234 1757 natura,
246 1694 300 1744 fere
313 1693 415 1744 silicum
428 1693 537 1745 suffulta
549 1695 672 1746 cavernis.

72 1761 198 1813 Omnibus
211 1768 249 1812 est
261 1779 336 1828 porro
348 1763 376 1812 in
389 1762 518 1828 speluncis
530 1772 624 1814 ventus
636 1769 663 1814 ct
675 1765 727 1814 adr.

72 1830 173 1881 Ventus
186 1830 258 1879 enim·
268 1830 305 1894 fit,
318 1830 364 1880 ubi
377 1838 415 1880 est
428 1831 552 1897 agitando
564 1832 678 1897 percitus
690 1834 741 1884 aer.

72 1899 124 1950 Hic
136 1898 181 1948 ubi
194 1898 329 1964 percaluit,
342 1899 511 1966 calefecitque
524 1900 611 1950 omnia
623 1900 721 1950 circum

72 1967 141 2019 Saxa
153 1967 249 2032 furens,
262 1983 314 2032 qua
326 1967 462 2032 contingit,
475 1974 639 2033 terramque3
658 1974 685 2018 et
696 1967 729 2019 ab
741 1968 794 2021 illis

71 2036 195 2087 Excussit
207 2035 321 2086 calidum
333 2034 444 2085 flammis
456 2035 586 2086 velocibus
598 2036 700 2101 ignem;

72 2105 151 2156 Tollit
163 2123 197 2171 se,
210 2121 240 2156 ac
252 2104 329 2155 rectis
342 2103 380 2154 ita
392 2103 511 2154 faucibus
524 2105 595 2170 ejicit
607 2105 667 2169 alte,
854 2111 904 2160 690

73 2174 209 2240 Vertitque
222 2173 339 2225 ardorem
351 2173 435 2239 longe,
445 2172 573 2239 longeque
584 2174 703 2224 favillam

71 2241 173 2307 Differt,
186 2248 213 2293 et
225 2260 309 2293 crassa
321 2242 403 2294 volvit
415 2242 527 2308 caligine
539 2242 654 2294 fumum:

71 2309 249 2378 Extruditque
262 2312 339 2362 simul
352 2311 469 2362 mirando
482 2311 594 2378 pondere
607 2328 683 2363 sexa:

72 2379 112 2430 Ne
125 2378 234 2445 dubites,
247 2381 310 2446 quin
322 2381 378 2430 heec
390 2381 488 2431 animai
502 2380 607 2430 turbide
619 2381 653 2431 sit
665 2380 711 2432 vis.

108 2447 242 2512 Praeterea,
256 2466 351 2514 magna
363 2467 395 2499 en
408 2456 482 2515 parte
495 2466 565 2499 mare
577 2450 673 2500 montis
685 2450 719 2500 ad
731 2451 786 2518 ejus

73 2515 184 2566 Radices
196 2516 295 2582 frangit
307 2517 409 2581 fluctus,
423 2524 566 2584 aestumque
578 2518 691 2570 resolvit.

72 2584 115 2635 Ex
127 2583 175 2634 hoc
189 2601 268 2651 usque
280 2586 346 2635 mari
358 2586 487 2653 speluncae
500 2587 599 2638 montis
610 2587 648 2638 ad
656 2587 731 2638 albas

70 2652 230 2704 Perreniunt
241 2653 331 2706 subter
343 2655 435 2710 fauces
447 2675 454 2710 ·.
471 2658 527 2710 bac
537 2658 590 2727 ire,
598 2655 755 2710 latendum
763 2655 823 2712 ests

481 2746 501 2782 1>
