1928 2964
334 159 442 231 mnan
460 178 623 239 cernuus.
845 180 895 230 ros

88 277 233 343 Postremo,
247 295 422 347 quoscumque
433 279 507 331 vides
518 280 581 331 hine
593 279 697 331 aetheris
709 279 792 346 ignes,

57 345 284 414 Quandoquidem,
297 364 472 415 quoscumque
483 349 513 399 in
525 349 600 401 terris
613 348 742 400 ceruimus
754 348 836 416 ignes,

56 414 128 467 Dum
140 421 239 467 tremor
250 421 290 467 est
302 416 394 482 clarus,
407 417 471 467 dum
483 418 599 469 semitm
611 417 687 469 ardor
699 433 797 483 eorum,

57 481 220 553 Perparvum
232 484 358 551 quiddam
369 485 503 537 interdum
514 491 617 537 mutare
629 484 735 537 videtur

56 552 177 604 Alteram
187 560 276 604 utram
287 553 316 604 in
328 560 429 621 partem
441 554 524 620 filum,
537 569 589 620 quo
601 554 706 621 longius
718 552 788 606 absit
795 572 802 618 ;

57 619 128 674 Scire
140 621 210 686 licet,
222 638 348 689 perquam
360 621 478 690 pauxillo
491 640 564 690 posse
576 623 688 674 minores
843 623 895 674 690

56 688 127 758 Esse,
139 689 183 743 vel
194 689 291 759 exigua
302 692 412 758 majores
423 697 499 759 parte
510 691 640 759 brevique.
679 694 684 704 '

371 836 412 891 De
422 837 504 891 calore
515 837 584 892 solis.

91 950 165 1003 Hlud
177 950 242 1001 item
253 967 306 1003 non
318 955 358 1002 est
368 950 527 1017 mirandum,
540 967 592 1030 qua
603 949 704 1001 ratione

56 1019 189 1072 Tantulus
200 1018 246 1071 ille
257 1024 337 1087 queat
349 1025 456 1071 tantum
468 1019 622 1070 solm1ttere
634 1017 731 1083 lumen,

56 1088 134 1152 Quod
146 1087 229 1140 maria
240 1104 271 1139 ac
283 1094 364 1140 terras
376 1104 464 1139 omnes
477 1087 623 1154 coelumque
634 1086 744 1152 rigando

56 1156 200 1225 Compleat,
212 1163 239 1208 et
252 1156 336 1208 calido
349 1156 491 1224 perfundat
504 1162 600 1207 cuncta
611 1172 714 1222 vapore.

55 1225 127 1278 Nam
139 1224 202 1276 licet
214 1223 276 1276 hine
288 1225 381 1276 mundi
393 1225 556 1292 patefactum
568 1224 649 1276 totius
661 1240 745 1274 unum

56 1293 220 1360 Largifluum
231 1293 331 1345 fontem
344 1299 449 1359 scatere,
461 1299 540 1360 atque
553 1309 688 1360 erumpere
700 1292 790 1343 lumen
800 1309 807 1355 ;

55 1361 99 1414 le
111 1362 184 1414 omni
195 1362 294 1413 mundo
307 1362 370 1429 quia
382 1362 419 1413 sic
431 1362 561 1414 elementa
573 1361 678 1428 vaporis

56 1431 182 1498 Undique
194 1431 361 1497 conveniunt,
374 1436 401 1482 et
413 1430 450 1481 sio
462 1432 594 1496 conjectus
607 1447 696 1481 eorum

56 1499 180 1566 Oonfluit,
192 1515 226 1550 ex
238 1515 291 1550 uno
303 1499 389 1567 cepit-e
401 1499 444 1550 hie
456 1504 488 1550 ut
500 1498 613 1566 profluet
625 1498 715 1560 ardon
842 1499 893 1548 600

56 1567 151 1620 Nonne
161 1567 233 1620 vides
245 1567 332 1634 etiam,
342 1584 422 1635 quam
432 1566 486 1618 late
498 1584 595 1634 pervus
607 1569 686 1634 aquai

56 1635 139 1689 Prata
149 1637 218 1702 riget
229 1636 288 1687 fons
299 1636 439 1702 interdum,
452 1636 601 1703 campisque
613 1634 759 1687 redundetl

56 1703 105 1757 lust
117 1705 198 1757 etiam
210 1720 321 1772 quoque,
333 1705 440 1756 utinen
451 1721 547 1771 magno
559 1704 621 1756 solis
634 1703 667 1756 ab
679 1704 736 1771 igni

55 1772 129 1826 Aera
140 1773 267 1841 pereipiat
279 1773 370 1825 calidis
382 1773 525 1824 fervoribus
537 1773 614 1824 ardor
620 1792 627 1836 ;

57 1841 226 1910 Opportunus
238 1842 277 1894 ita
288 1848 328 1893 est
339 1842 362 1893 si
373 1843 440 1894 forte
452 1848 478 1893 et
490 1841 598 1892 idoneus
610 1843 662 1907 aer,

56 1911 95 1963 Ut
107 1915 188 1978 queat
200 1910 307 1962 accendi
384 1911 406 1961 is
419 1910 553 1961 ardoribus
565 1910 648 1961 ictus:

57 1979 134 2043 Quod
145 1995 229 2046 genus
240 1979 309 2030 inter
328 1996 374 2030 um
386 1984 485 2045 segetes
498 1979 674 2046 stipulamque
686 1978 804 2030 videmus

55 2047 183 2100 Accidere
195 2064 228 2099 ex
240 2064 294 2099 una
306 2047 421 2098 scintille
432 2047 554 2098 incendia
566 2048 669 2114 passim.

56 2115 179 2181 Forsitan
190 2122 217 2167 et
228 2133 301 2168 rosea
312 2115 351 2167 sol
362 2116 416 2167 alte
428 2115 549 2182 lampade
561 2115 651 2168 lucens

56 2184 192 2237 Possideat
203 2184 319 2236 multum
331 2185 405 2236 caecis
417 2184 563 2235 fervoribus
575 2185 663 2251 ignem
840 2184 891 2234 610

57 2253 163 2306 Circum
174 2269 209 2319 se,
220 2253 294 2304 nullo
307 2253 352 2320 qui
365 2253 399 2304 sit
410 2252 512 2319 fulgore
524 2260 638 2319 notatus,

57 2321 167 2374 AEstifer
177 2321 207 2372 in
218 2328 325 2373 tantum
336 2321 610 2386 radiorum‘exaugeat
622 2321 713 2372 ictum.

92 2390 150 2443 Nec
161 2390 229 2442 ratio
241 2390 301 2442 solis
314 2389 425 2458 simplex
438 2395 485 2440 aut
497 2396 569 2440 reeta
581 2389 699 2455 patescit,

58 2458 116 2523 Quo
127 2465 205 2528 pacto
216 2458 315 2510 aestivis
327 2458 472 2526 apartibus
484 2457 633 2524 aegocerotis

56 2527 193 2580 Brumales
205 2527 283 2579 adeat
294 2527 386 2592 flexus,
398 2532 478 2592 atque
489 2526 551 2576 inde
563 2531 696 2576 revertens

57 2596 178 2649 Canceris
189 2601 221 2648 ut
232 2600 319 2647 vertat
331 2602 414 2645 metas
426 2611 453 2646 se
465 2594 499 2645 ad
512 2593 673 2645 solstitiales:

57 2665 185 2734 Lunaque
196 2663 329 2717 mensibus
341 2663 369 2714 id
381 2663 496 2733 spatium
509 2662 630 2715 videatur
642 2661 723 2730 obire„
