1928 2964
324 148 433 200 LIBER
450 146 640 202 SEOUNDUS.
868 153 902 205 db

96 250 172 315 Quod
184 250 206 302 si
217 251 286 303 forte
298 267 375 301 suum
387 249 528 302 dimittunt
540 266 645 330 corpore
658 266 769 316 sensum

60 320 150 388 Atque
162 319 245 371 alium
257 319 367 387 capiunt
377 336 384 382 ;
401 318 467 386 quid
479 335 544 386 opus
556 318 609 370 furt
621 319 738 385 attribui,
752 317 821 387 quod

60 387 236 441 Detrahiturl
255 387 323 439 Tum
335 393 468 455 praeterea,
481 387 552 454 quod
563 388 681 459 fugimus
693 393 763 456 ante,

61 457 198 521 Quatenus
209 457 238 508 iu
249 457 336 524 pullos
348 456 474 508 animales
486 457 584 509 vertier
595 474 644 508 ova

61 527 199 579 Cernimus
209 525 331 589 alituum,
343 542 495 593 vermesque
507 525 636 589 effervere,
650 531 747 579 terram

61 591 264 675 Intempestims
276 611 359 662 quum
371 600 464 662 putror
475 594 546 662 cepit
559 594 591 646 ob
602 594 698 646 imbres
709 613 717 658 ;

61 664 133 718 Scire
144 664 208 716 hcet
220 663 294 730 gigni
306 680 380 731 posse
392 680 425 715 ex
437 680 491 715 non
503 661 614 714 sensibu'
627 679 724 717 sensus.

97 732 173 797 Quod
186 733 208 783 si
219 733 286 784 forte
299 731 394 800 aliquis
406 732 483 799 dicet,
497 732 629 783 duntaxat
641 732 703 784 oriri
850 735 902 785 930

61 802 140 854 Posse
152 818 186 853 ex
197 818 251 853 non
263 818 340 853 sensu
353 818 442 853 sensus
454 799 634 853 mutabilitate

61 871 141 937 Ante,
153 870 241 938 aliquo
252 875 381 937 tanquam
393 875 480 937 partu,
493 886 572 937 quam
583 869 704 937 proditur
715 874 807 923 extra:

62 940 135 992 Huic
147 939 210 991 satis
222 938 289 990 illud
301 939 352 990 erit
363 938 472 1006 planum
483 939 569 990 facere
581 944 661 1006 atque
673 937 789 1007 probare,

61 1008 86 1061 N
87 1026 123 1061 on
134 1007 192 1060 fieri
203 1013 316 1075 partum,
328 1007 380 1058 nisi
392 1007 502 1059 concilio
514 1013 576 1059 ante
588 1013 685 1076 coacto,

61 1077 117 1130 Nec
130 1075 274 1145 quidquam
286 1077 442 1128 commutari
454 1076 510 1128 sine
522 1076 664 1128 conciliatu
738 1113 741 1120 ,

62 1145 243 1214 Principidm3
261 1151 397 1212 nequeunt
408 1145 489 1196 ullius
502 1145 614 1213 corporis
626 1162 681 1198 esse

61 1215 159 1268 Sensus
171 1220 233 1266 ante
245 1214 329 1282 ipsam
340 1214 457 1281 genitam
468 1219 592 1266 naturam
604 1213 754 1267 animantis.

61 1284 196 1336 Nimirum
208 1283 270 1364 quia
281 1283 402 1334 materies
415 1283 525 1350 disjecta
536 1289 642 1334 tenetur

61 1354 140 1420 Aine,
152 1352 312 1419 flummibus,
325 1352 407 1417 terris,
420 1357 540 1419 terraque
552 1353 646 1404 creatis
657 1370 664 1416 ;

61 1421 118 1473 Nec
130 1438 267 1488 congressa
278 1421 354 1473 modo
366 1421 459 1473 vitales
472 1421 655 1472 convenienter
850 1421 904 1475 940

62 1490 183 1543 Contulit
193 1491 263 1542 inter
275 1507 301 1542 se
313 1496 407 1556 motus,
419 1489 513 1558 quibus
525 1506 602 1542 omne
614 1494 719 1542 tuentes

61 1559 175 1612 Accensi
186 1576 276 1611 sensus
288 1559 450 1611 animantem
462 1575 592 1627 quamque
604 1565 720 1612 tuentur.

97 1629 228 1680 Praeterea
240 1629 360 1696 quamvis
372 1628 534 1680 animantem
546 1627 669 1694 grandior
680 1628 756 1695 ictus,

62 1698 149 1761 Quam
161 1698 262 1766 patitur
272 1702 374 1764 natura,
386 1702 494 1764 repente
506 1696 607 1764 affligit,
620 1702 647 1749 et
659 1713 747 1749 omnes

63 1767 183 1835 Corporis
194 1772 273 1834 atque
284 1765 367 1817 animi
378 1766 465 1834 pergit
477 1766 636 1817 confundere
648 1782 745 1819 sensus.

28 1889 32 1901 ,
61 1836 249 1888 Dissolvuntur
261 1835 332 1887 enim
343 1834 466 1903 positurae
479 1834 674 1903 principiorum,

62 1904 97 1957 Et
109 1905 216 1973 penitus
227 1909 315 1956 motus
326 1903 420 1956 vitales
431 1903 613 1971 impediuntur
619 1922 627 1967 3

61 1972 152 2026 Donec
163 1973 292 2040 materies,
305 1989 393 2025 omnes
405 1989 529 2024 concussa
540 1990 587 2040 per
599 1978 679 2039 artus,

53 2042 165 2095 >vitales
177 2043 270 2095 anima
283 2041 363 2094 nodos
375 2059 390 2093 e
402 2057 506 2109 corpore
519 2041 604 2108 solvit,

61 2111 264 2181 Dispersamque
276 2111 345 2163 foras
357 2127 404 2178 per
416 2111 504 2161 caulas
517 2111 589 2179 ejicit
601 2127 697 2164 omnes.
849 2113 901 2163 950

61 2179 131 2233 Nam
143 2181 206 2249 quid
218 2187 345 2248 praeterea
356 2181 442 2232 facere
454 2180 537 2231 ictum
549 2196 621 2248 posse
633 2196 738 2232 reamur

62 2249 195 2317 Oblatum,
206 2250 258 2302 nisi
270 2249 399 2301 discutere
411 2265 442 2300 ac
455 2249 593 2301 dissolvere
606 2247 739 2316 quaequel

95 2319 141 2371 Fit
153 2336 263 2386 quoque,
276 2319 317 2370 uti
330 2317 430 2370 soleant
441 2318 529 2370 minus
541 2318 628 2370 oblato
640 2317 735 2370 acriter
746 2315 803 2368 ictu

61 2387 190 2456 Reliquiae
202 2393 289 2440 motus
301 2386 390 2439 vitalis
402 2386 505 2439 vincere
518 2403 602 2454 saepe3

62 2456 182 2524 Vincere,
193 2462 221 2510 et
233 2457 353 2523 ingentes
365 2455 451 2523 plaga
464 2456 553 2508 sedare
565 2453 703 2520 tumultus,

61 2524 145 2595 Inque
157 2541 217 2578 suos
229 2524 357 2594 quidquid
369 2541 457 2576 rursus
468 2541 588 2577 revocare
600 2528 702 2574 meatus
712 2539 720 2585 ;

60 2593 95 2648 Et
107 2595 184 2664 quasi
191 2596 250 2662 jam
261 2593 308 2645 leti
320 2593 499 2645 dominantem
511 2593 539 2643 in
552 2608 656 2659 corpore
667 2596 769 2643 motum

61 2662 206 2732 Discutera,
218 2680 250 2716 ac
262 2679 337 2732 paene
349 2661 455 2714 amissos
467 2660 609 2715 accendere
620 2676 720 2715 seusus.

473 2747 490 2791 1·
874 2750 905 2784 ,ι

649 2890 673 2922 Δ
753 2890 801 2922 h
