<?xml version="1.0" encoding="UTF-8"?>
<!DOCTYPE html PUBLIC "-//W3C//DTD XHTML 1.0 Transitional//EN"
    "http://www.w3.org/TR/xhtml1/DTD/xhtml1-transitional.dtd">
<html xmlns="http://www.w3.org/1999/xhtml" xml:lang="en" lang="en">
 <head>
  <title>
</title>
<meta http-equiv="Content-Type" content="text/html;charset=utf-8" />
  <meta name='ocr-system' content='tesseract 3.04.00' />
  <meta name='ocr-capabilities' content='ocr_page ocr_carea ocr_par ocr_line ocrx_word'/>
</head>
<body>
  <div class='ocr_page' id='page_1' title='image "./tlucretiicaride03carugoog_0194.png"; bbox 0 0 1964 2970; ppageno 0'>
   <div class='ocr_carea' id='block_1_1' title="bbox 333 115 889 180">
    <p class='ocr_par' dir='ltr' id='par_1_1' title="bbox 333 115 889 180">
     <span class='ocr_line' id='line_1_1' title="bbox 333 115 889 180; baseline 0.007 -13"><span class='ocrx_word' id='word_1_1' title='bbox 333 115 445 168; x_wconf 81' lang='lat' dir='ltr'><strong>LIBER</strong></span> <span class='ocrx_word' id='word_1_2' title='bbox 462 115 623 180; x_wconf 77' lang='lat' dir='ltr'>QUINTUS.</span> <span class='ocrx_word' id='word_1_3' title='bbox 843 121 889 171; x_wconf 88' lang='lat'>161</span> 
     </span>
    </p>
   </div>
   <div class='ocr_carea' id='block_1_2' title="bbox 10 217 894 2543">
    <p class='ocr_par' dir='ltr' id='par_1_2' title="bbox 91 217 814 286">
     <span class='ocr_line' id='line_1_2' title="bbox 91 217 814 286; baseline 0 -15"><span class='ocrx_word' id='word_1_4' title='bbox 91 219 139 271; x_wconf 80' lang='lat' dir='ltr'>Est</span> <span class='ocrx_word' id='word_1_5' title='bbox 152 217 233 270; x_wconf 85' lang='lat' dir='ltr'>etiem</span> <span class='ocrx_word' id='word_1_6' title='bbox 245 235 354 286; x_wconf 89' lang='lat' dir='ltr'>quoque,</span> <span class='ocrx_word' id='word_1_7' title='bbox 367 218 408 269; x_wconf 93' lang='lat' dir='ltr'>uti</span> <span class='ocrx_word' id='word_1_8' title='bbox 420 219 502 286; x_wconf 85' lang='lat' dir='ltr'><strong>possit</strong></span> <span class='ocrx_word' id='word_1_9' title='bbox 514 219 610 270; x_wconf 88' lang='lat' dir='ltr'>coelum</span> <span class='ocrx_word' id='word_1_10' title='bbox 622 235 698 270; x_wconf 90' lang='lat' dir='ltr'>omne</span> <span class='ocrx_word' id='word_1_11' title='bbox 709 235 814 272; x_wconf 82' lang='lat' dir='ltr'>manere</span> 
     </span>
    </p>

    <p class='ocr_par' dir='ltr' id='par_1_3' title="bbox 56 286 753 353">
     <span class='ocr_line' id='line_1_3' title="bbox 56 286 753 353; baseline 0.003 -14"><span class='ocrx_word' id='word_1_12' title='bbox 56 287 91 339; x_wconf 92' lang='lat' dir='ltr'>In</span> <span class='ocrx_word' id='word_1_13' title='bbox 103 289 224 353; x_wconf 76' lang='lat' dir='ltr'>statione,</span> <span class='ocrx_word' id='word_1_14' title='bbox 236 293 325 338; x_wconf 89' lang='lat' dir='ltr'>tamen</span> <span class='ocrx_word' id='word_1_15' title='bbox 338 304 421 352; x_wconf 90' lang='lat' dir='ltr'>quum</span> <span class='ocrx_word' id='word_1_16' title='bbox 432 286 521 338; x_wconf 84' lang='lat' dir='ltr'>lucido</span> <span class='ocrx_word' id='word_1_17' title='bbox 533 288 608 353; x_wconf 81' lang='lat' dir='ltr'>signa</span> <span class='ocrx_word' id='word_1_18' title='bbox 619 287 753 341; x_wconf 80' lang='lat' dir='ltr'>ferantur:</span> 
     </span>
    </p>

    <p class='ocr_par' dir='ltr' id='par_1_4' title="bbox 55 355 892 424">
     <span class='ocr_line' id='line_1_4' title="bbox 55 355 892 424; baseline -0.001 -16"><span class='ocrx_word' id='word_1_19' title='bbox 55 356 116 408; x_wconf 82' lang='lat' dir='ltr'>Sive</span> <span class='ocrx_word' id='word_1_20' title='bbox 129 357 198 424; x_wconf 92' lang='lat' dir='ltr'>quod</span> <span class='ocrx_word' id='word_1_21' title='bbox 210 355 305 407; x_wconf 91' lang='lat' dir='ltr'>inclusi</span> <span class='ocrx_word' id='word_1_22' title='bbox 316 355 404 422; x_wconf 84' lang='lat' dir='ltr'>rapidi</span> <span class='ocrx_word' id='word_1_23' title='bbox 417 362 479 406; x_wconf 83' lang='lat' dir='ltr'>sunt</span> <span class='ocrx_word' id='word_1_24' title='bbox 491 356 596 406; x_wconf 81' lang='lat' dir='ltr'>aetheris</span> <span class='ocrx_word' id='word_1_25' title='bbox 608 362 693 423; x_wconf 79' lang='lat' dir='ltr'>astus,</span> <span class='ocrx_word' id='word_1_26' title='bbox 840 359 892 408; x_wconf 74' lang='lat'>520</span> 
     </span>
    </p>

    <p class='ocr_par' dir='ltr' id='par_1_5' title="bbox 56 423 721 491">
     <span class='ocr_line' id='line_1_5' title="bbox 56 423 721 491; baseline 0.002 -15"><span class='ocrx_word' id='word_1_27' title='bbox 56 425 259 491; x_wconf 82' lang='lat' dir='ltr'>Quaerentesque</span> <span class='ocrx_word' id='word_1_28' title='bbox 271 423 342 475; x_wconf 86' lang='lat' dir='ltr'>riam</span> <span class='ocrx_word' id='word_1_29' title='bbox 354 424 597 490; x_wconf 84' lang='lat' dir='ltr'>circumversantur,</span> <span class='ocrx_word' id='word_1_30' title='bbox 607 431 634 475; x_wconf 84' lang='lat' dir='ltr'>et</span> <span class='ocrx_word' id='word_1_31' title='bbox 646 425 721 490; x_wconf 83' lang='lat' dir='ltr'>ignes</span> 
     </span>
    </p>

    <p class='ocr_par' dir='ltr' id='par_1_6' title="bbox 55 491 709 560">
     <span class='ocr_line' id='line_1_6' title="bbox 55 491 709 560; baseline 0.002 -16"><span class='ocrx_word' id='word_1_32' title='bbox 55 491 157 544; x_wconf 87' lang='lat' dir='ltr'>Passim</span> <span class='ocrx_word' id='word_1_33' title='bbox 169 509 215 560; x_wconf 83' lang='lat' dir='ltr'>per</span> <span class='ocrx_word' id='word_1_34' title='bbox 227 492 286 543; x_wconf 86' lang='lat' dir='ltr'>coeli</span> <span class='ocrx_word' id='word_1_35' title='bbox 297 491 408 544; x_wconf 80' lang='lat' dir='ltr'>volvunt</span> <span class='ocrx_word' id='word_1_36' title='bbox 420 509 447 542; x_wconf 89' lang='lat' dir='ltr'>se</span> <span class='ocrx_word' id='word_1_37' title='bbox 459 492 585 544; x_wconf 84' lang='lat' dir='ltr'>immunia</span> <span class='ocrx_word' id='word_1_38' title='bbox 596 493 709 560; x_wconf 89' lang='lat' dir='ltr'>templa:</span> 
     </span>
    </p>

    <p class='ocr_par' dir='ltr' id='par_1_7' title="bbox 55 560 696 614">
     <span class='ocr_line' id='line_1_7' title="bbox 55 560 696 614; baseline 0.003 -2"><span class='ocrx_word' id='word_1_39' title='bbox 55 560 116 613; x_wconf 79' lang='lat' dir='ltr'>Sive</span> <span class='ocrx_word' id='word_1_40' title='bbox 128 560 235 613; x_wconf 80' lang='lat' dir='ltr'>aliunde</span> <span class='ocrx_word' id='word_1_41' title='bbox 246 561 330 611; x_wconf 88' lang='lat' dir='ltr'>fluens</span> <span class='ocrx_word' id='word_1_42' title='bbox 342 560 464 612; x_wconf 79' lang='lat' dir='ltr'><strong>alicunde</strong></span> <span class='ocrx_word' id='word_1_43' title='bbox 477 561 638 612; x_wconf 84' lang='lat' dir='ltr'>extrinsecus</span> <span class='ocrx_word' id='word_1_44' title='bbox 650 564 696 614; x_wconf 84' lang='lat' dir='ltr'>a&#39;e&#39;r</span> 
     </span>
    </p>

    <p class='ocr_par' dir='ltr' id='par_1_8' title="bbox 56 628 716 697">
     <span class='ocr_line' id='line_1_8' title="bbox 56 628 716 697; baseline 0.003 -17"><span class='ocrx_word' id='word_1_45' title='bbox 56 628 150 682; x_wconf 78' lang='lat' dir='ltr'><strong>Versat</strong></span> <span class='ocrx_word' id='word_1_46' title='bbox 162 646 242 696; x_wconf 81' lang='lat' dir='ltr'>agens</span> <span class='ocrx_word' id='word_1_47' title='bbox 253 629 328 695; x_wconf 80' lang='lat' dir='ltr'>ignes</span> <span class='ocrx_word' id='word_1_48' title='bbox 335 648 342 693; x_wconf 88' lang='lat'>;</span> <span class='ocrx_word' id='word_1_49' title='bbox 361 629 415 681; x_wconf 82' lang='lat' dir='ltr'>sive</span> <span class='ocrx_word' id='word_1_50' title='bbox 426 629 476 695; x_wconf 90' lang='lat' dir='ltr'>ipsi</span> <span class='ocrx_word' id='word_1_51' title='bbox 488 646 588 695; x_wconf 81' lang='lat' dir='ltr'>serpere</span> <span class='ocrx_word' id='word_1_52' title='bbox 601 635 716 697; x_wconf 76' lang='lat' dir='ltr'><strong>possunt,</strong></span> 
     </span>
    </p>

    <p class='ocr_par' dir='ltr' id='par_1_9' title="bbox 56 697 735 766">
     <span class='ocr_line' id='line_1_9' title="bbox 56 697 735 766; baseline 0.003 -17"><span class='ocrx_word' id='word_1_53' title='bbox 56 697 115 761; x_wconf 85' lang='lat' dir='ltr'>Quo</span> <span class='ocrx_word' id='word_1_54' title='bbox 127 699 252 765; x_wconf 89' lang='lat' dir='ltr'>cujusque</span> <span class='ocrx_word' id='word_1_55' title='bbox 264 697 337 749; x_wconf 90' lang='lat' dir='ltr'>cibus</span> <span class='ocrx_word' id='word_1_56' title='bbox 348 703 425 749; x_wconf 87' lang='lat' dir='ltr'>vocat</span> <span class='ocrx_word' id='word_1_57' title='bbox 436 702 516 764; x_wconf 85' lang='lat' dir='ltr'>atque</span> <span class='ocrx_word' id='word_1_58' title='bbox 527 697 625 748; x_wconf 88' lang='lat' dir='ltr'>invitat</span> <span class='ocrx_word' id='word_1_59' title='bbox 637 706 735 766; x_wconf 83' lang='lat' dir='ltr'>euntes,</span> 
     </span>
    </p>

    <p class='ocr_par' dir='ltr' id='par_1_10' title="bbox 55 765 736 834">
     <span class='ocr_line' id='line_1_10' title="bbox 55 765 736 834; baseline 0 -16"><span class='ocrx_word' id='word_1_60' title='bbox 55 765 192 818; x_wconf 75' lang='lat' dir='ltr'>Flammea</span> <span class='ocrx_word' id='word_1_61' title='bbox 203 784 249 834; x_wconf 89' lang='lat' dir='ltr'>per</span> <span class='ocrx_word' id='word_1_62' title='bbox 261 766 355 817; x_wconf 83' lang='lat' dir='ltr'>coelum</span> <span class='ocrx_word' id='word_1_63' title='bbox 368 773 503 832; x_wconf 85' lang='lat' dir='ltr'>pascentes</span> <span class='ocrx_word' id='word_1_64' title='bbox 515 782 620 832; x_wconf 87' lang='lat' dir='ltr'>corpora</span> <span class='ocrx_word' id='word_1_65' title='bbox 632 768 736 833; x_wconf 81' lang='lat' dir='ltr'>passim.</span> 
     </span>
    </p>

    <p class='ocr_par' dir='ltr' id='par_1_11' title="bbox 56 833 789 902">
     <span class='ocr_line' id='line_1_11' title="bbox 56 833 789 902; baseline 0 -15"><span class='ocrx_word' id='word_1_66' title='bbox 56 834 127 887; x_wconf 87' lang='lat' dir='ltr'>Nam</span> <span class='ocrx_word' id='word_1_67' title='bbox 140 835 203 902; x_wconf 88' lang='lat' dir='ltr'>quid</span> <span class='ocrx_word' id='word_1_68' title='bbox 215 836 245 885; x_wconf 80' lang='lat' dir='ltr'>in&#39;</span> <span class='ocrx_word' id='word_1_69' title='bbox 256 834 305 885; x_wconf 93' lang='lat' dir='ltr'>hoc</span> <span class='ocrx_word' id='word_1_70' title='bbox 316 833 414 885; x_wconf 87' lang='lat' dir='ltr'>mundo</span> <span class='ocrx_word' id='word_1_71' title='bbox 427 833 461 885; x_wconf 88' lang='lat' dir='ltr'>sit</span> <span class='ocrx_word' id='word_1_72' title='bbox 473 850 569 898; x_wconf 89' lang='lat' dir='ltr'>eorum,</span> <span class='ocrx_word' id='word_1_73' title='bbox 582 851 676 901; x_wconf 86' lang='lat' dir='ltr'>ponere</span> <span class='ocrx_word' id='word_1_74' title='bbox 688 841 789 887; x_wconf 86' lang='lat' dir='ltr'>certum</span> 
     </span>
    </p>

    <p class='ocr_par' dir='ltr' id='par_1_12' title="bbox 55 902 737 970">
     <span class='ocr_line' id='line_1_12' title="bbox 55 902 737 970; baseline 0 -16"><span class='ocrx_word' id='word_1_75' title='bbox 55 903 170 955; x_wconf 88' lang='lat' dir='ltr'>Difficile</span> <span class='ocrx_word' id='word_1_76' title='bbox 181 909 234 955; x_wconf 84' lang='lat' dir='ltr'>est:</span> <span class='ocrx_word' id='word_1_77' title='bbox 253 903 305 968; x_wconf 91' lang='lat' dir='ltr'>sed,</span> <span class='ocrx_word' id='word_1_78' title='bbox 318 902 381 970; x_wconf 89' lang='lat' dir='ltr'>quid</span> <span class='ocrx_word' id='word_1_79' title='bbox 394 903 475 969; x_wconf 88' lang='lat' dir='ltr'>possit</span> <span class='ocrx_word' id='word_1_80' title='bbox 486 903 585 969; x_wconf 85' lang='lat' dir='ltr'>fietque</span> <span class='ocrx_word' id='word_1_81' title='bbox 598 919 643 969; x_wconf 90' lang='lat' dir='ltr'>per</span> <span class='ocrx_word' id='word_1_82' title='bbox 654 921 737 969; x_wconf 89' lang='lat' dir='ltr'>omne,</span> 
     </span>
    </p>

    <p class='ocr_par' dir='ltr' id='par_1_13' title="bbox 58 971 617 1037">
     <span class='ocr_line' id='line_1_13' title="bbox 58 971 617 1037; baseline -0.005 -13"><span class='ocrx_word' id='word_1_83' title='bbox 58 972 93 1024; x_wconf 89' lang='lat' dir='ltr'>In</span> <span class='ocrx_word' id='word_1_84' title='bbox 104 971 184 1024; x_wconf 82' lang='lat' dir='ltr'>variis</span> <span class='ocrx_word' id='word_1_85' title='bbox 195 971 307 1037; x_wconf 84' lang='lat' dir='ltr'>mundis,</span> <span class='ocrx_word' id='word_1_86' title='bbox 319 971 391 1023; x_wconf 79' lang='lat' dir='ltr'>varie</span> <span class='ocrx_word' id='word_1_87' title='bbox 403 971 504 1022; x_wconf 84' lang='lat' dir='ltr'>ratione</span> <span class='ocrx_word' id='word_1_88' title='bbox 517 972 617 1037; x_wconf 82' lang='lat' dir='ltr'>creatis,</span> 
     </span>
    </p>

    <p class='ocr_par' dir='ltr' id='par_1_14' title="bbox 58 1040 891 1107">
     <span class='ocr_line' id='line_1_14' title="bbox 58 1040 891 1107; baseline 0.002 -16"><span class='ocrx_word' id='word_1_89' title='bbox 58 1040 91 1092; x_wconf 92' lang='lat' dir='ltr'>Id</span> <span class='ocrx_word' id='word_1_90' title='bbox 103 1040 196 1102; x_wconf 91' lang='lat' dir='ltr'>doceo;</span> <span class='ocrx_word' id='word_1_91' title='bbox 214 1040 352 1107; x_wconf 84' lang='lat' dir='ltr'>pluresque</span> <span class='ocrx_word' id='word_1_92' title='bbox 365 1056 456 1106; x_wconf 89' lang='lat' dir='ltr'>sequor</span> <span class='ocrx_word' id='word_1_93' title='bbox 468 1040 602 1106; x_wconf 86' lang='lat' dir='ltr'>disponere</span> <span class='ocrx_word' id='word_1_94' title='bbox 615 1057 704 1091; x_wconf 89' lang='lat' dir='ltr'>causas</span> <span class='ocrx_word' id='word_1_95' title='bbox 840 1045 891 1093; x_wconf 88' lang='grc'>530</span> 
     </span>
    </p>

    <p class='ocr_par' dir='ltr' id='par_1_15' title="bbox 58 1108 725 1175">
     <span class='ocr_line' id='line_1_15' title="bbox 58 1108 725 1175; baseline 0 -15"><span class='ocrx_word' id='word_1_96' title='bbox 58 1108 177 1160; x_wconf 92' lang='lat' dir='ltr'>Motibus</span> <span class='ocrx_word' id='word_1_97' title='bbox 188 1116 324 1174; x_wconf 77' lang='lat' dir='ltr'>astrorum,</span> <span class='ocrx_word' id='word_1_98' title='bbox 337 1124 395 1175; x_wconf 82' lang='lat' dir='ltr'>ques</span> <span class='ocrx_word' id='word_1_99' title='bbox 407 1108 507 1174; x_wconf 82' lang='lat' dir='ltr'>possint</span> <span class='ocrx_word' id='word_1_100' title='bbox 519 1125 573 1159; x_wconf 89' lang='lat' dir='ltr'>esse</span> <span class='ocrx_word' id='word_1_101' title='bbox 585 1126 631 1175; x_wconf 90' lang='lat' dir='ltr'>per</span> <span class='ocrx_word' id='word_1_102' title='bbox 643 1126 725 1160; x_wconf 91' lang='lat' dir='ltr'>omne.</span> 
     </span>
    </p>

    <p class='ocr_par' dir='ltr' id='par_1_16' title="bbox 57 1176 879 1244">
     <span class='ocr_line' id='line_1_16' title="bbox 57 1176 879 1244; baseline 0.002 -17"><span class='ocrx_word' id='word_1_103' title='bbox 57 1176 184 1244; x_wconf 84' lang='lat' dir='ltr'>Ilquibus</span> <span class='ocrx_word' id='word_1_104' title='bbox 196 1194 250 1228; x_wconf 88' lang='lat' dir='ltr'>una</span> <span class='ocrx_word' id='word_1_105' title='bbox 259 1182 348 1229; x_wconf 88' lang='lat' dir='ltr'>temen</span> <span class='ocrx_word' id='word_1_106' title='bbox 360 1176 394 1227; x_wconf 87' lang='lat' dir='ltr'>sit</span> <span class='ocrx_word' id='word_1_107' title='bbox 407 1183 434 1226; x_wconf 91' lang='lat' dir='ltr'>et</span> <span class='ocrx_word' id='word_1_108' title='bbox 446 1176 502 1228; x_wconf 87' lang='lat' dir='ltr'>hese</span> <span class='ocrx_word' id='word_1_109' title='bbox 515 1193 616 1244; x_wconf 90' lang='lat' dir='ltr'>quoque</span> <span class='ocrx_word' id='word_1_110' title='bbox 628 1194 706 1228; x_wconf 87' lang='lat' dir='ltr'>causa</span> <span class='ocrx_word' id='word_1_111' title='bbox 717 1194 820 1230; x_wconf 85' lang='lat' dir='ltr'>necesse</span> <span class='ocrx_word' id='word_1_112' title='bbox 832 1184 879 1244; x_wconf 93' lang='lat' dir='ltr'>est,</span> 
     </span>
    </p>

    <p class='ocr_par' dir='ltr' id='par_1_17' title="bbox 58 1245 765 1312">
     <span class='ocr_line' id='line_1_17' title="bbox 58 1245 765 1312; baseline 0 -16"><span class='ocrx_word' id='word_1_113' title='bbox 58 1245 123 1308; x_wconf 77' lang='lat' dir='ltr'>Quae</span> <span class='ocrx_word' id='word_1_114' title='bbox 135 1247 243 1312; x_wconf 70' lang='lat' dir='ltr'>vegeatl</span> <span class='ocrx_word' id='word_1_115' title='bbox 254 1252 357 1297; x_wconf 83' lang='lat' dir='ltr'>motum</span> <span class='ocrx_word' id='word_1_116' title='bbox 369 1245 468 1310; x_wconf 87' lang='lat' dir='ltr'>signis;</span> <span class='ocrx_word' id='word_1_117' title='bbox 486 1245 538 1310; x_wconf 86' lang='lat' dir='ltr'>sed,</span> <span class='ocrx_word' id='word_1_118' title='bbox 551 1262 609 1312; x_wconf 81' lang='lat' dir='ltr'>quae</span> <span class='ocrx_word' id='word_1_119' title='bbox 622 1246 657 1296; x_wconf 91' lang='lat' dir='ltr'>sit</span> <span class='ocrx_word' id='word_1_120' title='bbox 669 1263 765 1312; x_wconf 84' lang='lat' dir='ltr'>earum,</span> 
     </span>
    </p>

    <p class='ocr_par' dir='ltr' id='par_1_18' title="bbox 57 1311 872 1450">
     <span class='ocr_line' id='line_1_18' title="bbox 57 1311 872 1381; baseline 0.002 -16"><span class='ocrx_word' id='word_1_121' title='bbox 57 1311 207 1380; x_wconf 87' lang='lat' dir='ltr'>Praeoipere,</span> <span class='ocrx_word' id='word_1_122' title='bbox 220 1315 292 1366; x_wconf 85' lang='lat' dir='ltr'>haud</span> <span class='ocrx_word' id='word_1_123' title='bbox 305 1330 439 1381; x_wconf 82' lang='lat' dir='ltr'>quaquam</span> <span class='ocrx_word' id='word_1_124' title='bbox 451 1319 490 1365; x_wconf 87' lang='lat' dir='ltr'>est</span> <span class='ocrx_word' id='word_1_125' title='bbox 503 1313 664 1380; x_wconf 78' lang='lat' dir='ltr'>pedetentim</span> <span class='ocrx_word' id='word_1_126' title='bbox 675 1315 872 1381; x_wconf 78' lang='lat' dir='ltr'>progredientis.</span> 
     </span>
     <span class='ocr_line' id='line_1_19' title="bbox 93 1381 760 1450; baseline 0.004 -17"><span class='ocrx_word' id='word_1_127' title='bbox 93 1382 222 1449; x_wconf 78' lang='lat' dir='ltr'>Terraque</span> <span class='ocrx_word' id='word_1_128' title='bbox 235 1391 264 1434; x_wconf 92' lang='lat' dir='ltr'>ut</span> <span class='ocrx_word' id='word_1_129' title='bbox 276 1383 305 1433; x_wconf 90' lang='lat' dir='ltr'>in</span> <span class='ocrx_word' id='word_1_130' title='bbox 317 1383 402 1434; x_wconf 84' lang='lat' dir='ltr'>medie</span> <span class='ocrx_word' id='word_1_131' title='bbox 413 1382 507 1433; x_wconf 90' lang='lat' dir='ltr'>mundi</span> <span class='ocrx_word' id='word_1_132' title='bbox 519 1381 624 1448; x_wconf 80' lang='lat' dir='ltr'>regione</span> <span class='ocrx_word' id='word_1_133' title='bbox 636 1383 760 1450; x_wconf 85' lang='lat' dir='ltr'>quiescet,</span> 
     </span>
    </p>

    <p class='ocr_par' dir='ltr' id='par_1_19' title="bbox 10 1449 670 1518">
     <span class='ocr_line' id='line_1_20' title="bbox 10 1449 670 1518; baseline 0.003 -17"><span class='ocrx_word' id='word_1_134' title='bbox 10 1462 12 1475; x_wconf 66' lang='lat'>³</span> <span class='ocrx_word' id='word_1_135' title='bbox 59 1449 219 1502; x_wconf 85' lang='lat' dir='ltr'>Evanescere</span> <span class='ocrx_word' id='word_1_136' title='bbox 231 1451 361 1518; x_wconf 81' lang='lat' dir='ltr'>paulatim</span> <span class='ocrx_word' id='word_1_137' title='bbox 372 1456 399 1502; x_wconf 89' lang='lat' dir='ltr'>et</span> <span class='ocrx_word' id='word_1_138' title='bbox 412 1451 556 1503; x_wconf 84' lang='lat' dir='ltr'>decrescere</span> <span class='ocrx_word' id='word_1_139' title='bbox 568 1451 670 1518; x_wconf 87' lang='lat' dir='ltr'>pondus</span> 
     </span>
    </p>

    <p class='ocr_par' dir='ltr' id='par_1_20' title="bbox 58 1518 740 1586">
     <span class='ocr_line' id='line_1_21' title="bbox 58 1518 740 1586; baseline 0.004 -16"><span class='ocrx_word' id='word_1_140' title='bbox 58 1518 200 1582; x_wconf 76' lang='lat' dir='ltr'>Convenit3</span> <span class='ocrx_word' id='word_1_141' title='bbox 218 1525 299 1585; x_wconf 84' lang='lat' dir='ltr'>atque</span> <span class='ocrx_word' id='word_1_142' title='bbox 309 1519 389 1571; x_wconf 88' lang='lat' dir='ltr'>aliam</span> <span class='ocrx_word' id='word_1_143' title='bbox 401 1526 524 1571; x_wconf 84' lang='lat' dir='ltr'>naturam</span> <span class='ocrx_word' id='word_1_144' title='bbox 536 1519 625 1571; x_wconf 89' lang='lat' dir='ltr'>subter</span> <span class='ocrx_word' id='word_1_145' title='bbox 636 1521 740 1586; x_wconf 75' lang='lat' dir='ltr'>habere,</span> 
     </span>
    </p>

    <p class='ocr_par' dir='ltr' id='par_1_21' title="bbox 59 1587 763 1658">
     <span class='ocr_line' id='line_1_22' title="bbox 59 1587 763 1658; baseline 0.006 -20"><span class='ocrx_word' id='word_1_146' title='bbox 59 1587 102 1638; x_wconf 83' lang='lat' dir='ltr'>le</span> <span class='ocrx_word' id='word_1_147' title='bbox 114 1587 221 1639; x_wconf 91' lang='lat' dir='ltr'>ineunte</span> <span class='ocrx_word' id='word_1_148' title='bbox 233 1604 287 1639; x_wconf 81' lang='lat' dir='ltr'>aero</span> <span class='ocrx_word' id='word_1_149' title='bbox 299 1590 473 1654; x_wconf 84' lang='lat' dir='ltr'>conjunctam,</span> <span class='ocrx_word' id='word_1_150' title='bbox 481 1587 561 1654; x_wconf 80' lang='lat' dir='ltr'>etq&#39;ue</span> <span class='ocrx_word' id='word_1_151' title='bbox 575 1590 661 1640; x_wconf 89' lang='lat' dir='ltr'>uniter</span> <span class='ocrx_word' id='word_1_152' title='bbox 672 1596 763 1658; x_wconf 87' lang='lat' dir='ltr'>aptam</span> 
     </span>
    </p>

    <p class='ocr_par' dir='ltr' id='par_1_22' title="bbox 59 1653 665 1723">
     <span class='ocr_line' id='line_1_23' title="bbox 59 1653 665 1723; baseline 0.007 -17"><span class='ocrx_word' id='word_1_153' title='bbox 59 1653 183 1707; x_wconf 83' lang='lat' dir='ltr'>Partibus</span> <span class='ocrx_word' id='word_1_154' title='bbox 195 1657 274 1707; x_wconf 75' lang='lat' dir='ltr'>aeriis</span> <span class='ocrx_word' id='word_1_155' title='bbox 284 1655 383 1721; x_wconf 90' lang='lat' dir='ltr'>mundi,</span> <span class='ocrx_word' id='word_1_156' title='bbox 393 1657 487 1723; x_wconf 86' lang='lat' dir='ltr'>quibus</span> <span class='ocrx_word' id='word_1_157' title='bbox 499 1657 580 1708; x_wconf 87' lang='lat' dir='ltr'>insita</span> <span class='ocrx_word' id='word_1_158' title='bbox 591 1658 665 1710; x_wconf 84' lang='lat' dir='ltr'>vivit.</span> 
     </span>
    </p>

    <p class='ocr_par' dir='ltr' id='par_1_23' title="bbox 59 1722 892 1792">
     <span class='ocr_line' id='line_1_24' title="bbox 59 1722 892 1792; baseline 0.006 -18"><span class='ocrx_word' id='word_1_159' title='bbox 59 1722 199 1791; x_wconf 87' lang='lat' dir='ltr'>Propterea</span> <span class='ocrx_word' id='word_1_160' title='bbox 210 1730 314 1775; x_wconf 87' lang='lat' dir='ltr'>nonest</span> <span class='ocrx_word' id='word_1_161' title='bbox 327 1725 410 1791; x_wconf 42' lang='lat' dir='ltr'>oneris</span> <span class='ocrx_word' id='word_1_162' title='bbox 418 1742 502 1792; x_wconf 87' lang='lat' dir='ltr'>neque</span> <span class='ocrx_word' id='word_1_163' title='bbox 515 1726 638 1792; x_wconf 91' lang='lat' dir='ltr'>deprimit</span> <span class='ocrx_word' id='word_1_164' title='bbox 650 1743 742 1790; x_wconf 78' lang='lat' dir='ltr'>aurus3</span> <span class='ocrx_word' id='word_1_165' title='bbox 841 1729 892 1779; x_wconf 79' lang='grc'>540</span> 
     </span>
    </p>

    <p class='ocr_par' dir='ltr' id='par_1_24' title="bbox 59 1792 795 1863">
     <span class='ocr_line' id='line_1_25' title="bbox 59 1792 795 1863; baseline 0.005 -21"><span class='ocrx_word' id='word_1_166' title='bbox 59 1792 94 1843; x_wconf 80' lang='lat' dir='ltr'>Ilt</span> <span class='ocrx_word' id='word_1_167' title='bbox 108 1809 156 1843; x_wconf 87' lang='lat' dir='ltr'>sua</span> <span class='ocrx_word' id='word_1_168' title='bbox 167 1793 261 1859; x_wconf 91' lang='lat' dir='ltr'>cuique</span> <span class='ocrx_word' id='word_1_169' title='bbox 272 1793 373 1844; x_wconf 88' lang='lat' dir='ltr'>homini</span> <span class='ocrx_word' id='word_1_170' title='bbox 386 1793 460 1844; x_wconf 91' lang='lat' dir='ltr'>nullo</span> <span class='ocrx_word' id='word_1_171' title='bbox 472 1800 533 1845; x_wconf 83' lang='lat' dir='ltr'>sunt</span> <span class='ocrx_word' id='word_1_172' title='bbox 546 1794 659 1859; x_wconf 88' lang='lat' dir='ltr'>pondere</span> <span class='ocrx_word' id='word_1_173' title='bbox 670 1795 795 1863; x_wconf 82' lang='lat' dir='ltr'>membru,</span> 
     </span>
    </p>

    <p class='ocr_par' dir='ltr' id='par_1_25' title="bbox 60 1860 714 1928">
     <span class='ocr_line' id='line_1_26' title="bbox 60 1860 714 1928; baseline 0.008 -18"><span class='ocrx_word' id='word_1_174' title='bbox 60 1860 117 1911; x_wconf 92' lang='lat' dir='ltr'>Nec</span> <span class='ocrx_word' id='word_1_175' title='bbox 130 1867 210 1928; x_wconf 89' lang='lat' dir='ltr'>caput</span> <span class='ocrx_word' id='word_1_176' title='bbox 222 1867 261 1912; x_wconf 83' lang='lat' dir='ltr'>est</span> <span class='ocrx_word' id='word_1_177' title='bbox 274 1861 345 1911; x_wconf 90' lang='lat' dir='ltr'>oneri</span> <span class='ocrx_word' id='word_1_178' title='bbox 358 1861 430 1925; x_wconf 89' lang='lat' dir='ltr'>collo,</span> <span class='ocrx_word' id='word_1_179' title='bbox 443 1877 491 1912; x_wconf 90' lang='lat' dir='ltr'>nec</span> <span class='ocrx_word' id='word_1_180' title='bbox 503 1861 615 1928; x_wconf 91' lang='lat' dir='ltr'>denique</span> <span class='ocrx_word' id='word_1_181' title='bbox 627 1869 714 1914; x_wconf 91' lang='lat' dir='ltr'>totum</span> 
     </span>
    </p>

    <p class='ocr_par' dir='ltr' id='par_1_26' title="bbox 60 1929 694 1997">
     <span class='ocr_line' id='line_1_27' title="bbox 60 1929 694 1997; baseline 0.008 -18"><span class='ocrx_word' id='word_1_182' title='bbox 60 1929 179 1997; x_wconf 77' lang='lat' dir='ltr'>Corporis</span> <span class='ocrx_word' id='word_1_183' title='bbox 191 1930 219 1979; x_wconf 92' lang='lat' dir='ltr'>in</span> <span class='ocrx_word' id='word_1_184' title='bbox 231 1929 341 1996; x_wconf 89' lang='lat' dir='ltr'>pedibus</span> <span class='ocrx_word' id='word_1_185' title='bbox 353 1929 455 1995; x_wconf 91' lang='lat' dir='ltr'>pondus</span> <span class='ocrx_word' id='word_1_186' title='bbox 467 1929 593 1980; x_wconf 84' lang='lat' dir='ltr'>sentimus</span> <span class='ocrx_word' id='word_1_187' title='bbox 604 1929 694 1983; x_wconf 87' lang='lat' dir='ltr'>inesse.</span> 
     </span>
    </p>

    <p class='ocr_par' dir='ltr' id='par_1_27' title="bbox 59 1996 744 2065">
     <span class='ocr_line' id='line_1_28' title="bbox 59 1996 744 2065; baseline 0.006 -17"><span class='ocrx_word' id='word_1_188' title='bbox 59 1996 97 2048; x_wconf 83' lang='lat' dir='ltr'>At</span> <span class='ocrx_word' id='word_1_189' title='bbox 109 2013 280 2065; x_wconf 82' lang='lat' dir='ltr'>quaecumque</span> <span class='ocrx_word' id='word_1_190' title='bbox 292 1997 354 2047; x_wconf 83' lang='lat' dir='ltr'>foris</span> <span class='ocrx_word' id='word_1_191' title='bbox 366 1997 484 2062; x_wconf 81' lang='lat' dir='ltr'>veniunt,</span> <span class='ocrx_word' id='word_1_192' title='bbox 497 1997 659 2065; x_wconf 84' lang='lat' dir='ltr'>impostaque</span> <span class='ocrx_word' id='word_1_193' title='bbox 670 2001 744 2052; x_wconf 91' lang='lat' dir='ltr'>nobis</span> 
     </span>
    </p>

    <p class='ocr_par' dir='ltr' id='par_1_28' title="bbox 59 2063 720 2133">
     <span class='ocr_line' id='line_1_29' title="bbox 59 2063 720 2133; baseline 0.006 -17"><span class='ocrx_word' id='word_1_194' title='bbox 59 2063 179 2116; x_wconf 82' lang='lat' dir='ltr'>Pondere</span> <span class='ocrx_word' id='word_1_195' title='bbox 191 2072 259 2131; x_wconf 87' lang='lat' dir='ltr'>suut,</span> <span class='ocrx_word' id='word_1_196' title='bbox 272 2065 374 2116; x_wconf 78' lang='lat' dir='ltr'>laedunt</span> <span class='ocrx_word' id='word_1_197' title='bbox 387 2065 516 2132; x_wconf 87' lang='lat' dir='ltr'>permulto</span> <span class='ocrx_word' id='word_1_198' title='bbox 528 2082 595 2133; x_wconf 81' lang='lat' dir='ltr'>saepe</span> <span class='ocrx_word' id='word_1_199' title='bbox 607 2068 720 2120; x_wconf 85' lang='lat' dir='ltr'>minore:</span> 
     </span>
    </p>

    <p class='ocr_par' dir='ltr' id='par_1_29' title="bbox 59 2133 772 2203">
     <span class='ocr_line' id='line_1_30' title="bbox 59 2133 772 2203; baseline 0.004 -18"><span class='ocrx_word' id='word_1_200' title='bbox 59 2133 148 2201; x_wconf 86' lang='lat' dir='ltr'>Usque</span> <span class='ocrx_word' id='word_1_201' title='bbox 161 2134 224 2185; x_wconf 88' lang='lat' dir='ltr'>adeo</span> <span class='ocrx_word' id='word_1_202' title='bbox 237 2134 327 2200; x_wconf 84' lang='lat' dir='ltr'>magni</span> <span class='ocrx_word' id='word_1_203' title='bbox 338 2134 425 2199; x_wconf 82' lang='lat' dir='ltr'>refert,</span> <span class='ocrx_word' id='word_1_204' title='bbox 438 2134 501 2201; x_wconf 93' lang='lat' dir='ltr'>quid</span> <span class='ocrx_word' id='word_1_205' title='bbox 513 2151 622 2201; x_wconf 83' lang='lat' dir='ltr'>quaeque</span> <span class='ocrx_word' id='word_1_206' title='bbox 634 2143 714 2203; x_wconf 88' lang='lat' dir='ltr'>queat</span> <span class='ocrx_word' id='word_1_207' title='bbox 725 2154 772 2188; x_wconf 89' lang='lat' dir='ltr'>res.</span> 
     </span>
    </p>

    <p class='ocr_par' dir='ltr' id='par_1_30' title="bbox 59 2201 618 2270">
     <span class='ocr_line' id='line_1_31' title="bbox 59 2201 618 2270; baseline 0.005 -17"><span class='ocrx_word' id='word_1_208' title='bbox 59 2201 102 2254; x_wconf 82' lang='lat' dir='ltr'>Sic</span> <span class='ocrx_word' id='word_1_209' title='bbox 114 2202 196 2269; x_wconf 85' lang='lat' dir='ltr'>igitur</span> <span class='ocrx_word' id='word_1_210' title='bbox 208 2202 287 2253; x_wconf 92' lang='lat' dir='ltr'>tellus</span> <span class='ocrx_word' id='word_1_211' title='bbox 299 2219 351 2253; x_wconf 90' lang='lat' dir='ltr'>non</span> <span class='ocrx_word' id='word_1_212' title='bbox 364 2208 402 2254; x_wconf 87' lang='lat' dir='ltr'>est</span> <span class='ocrx_word' id='word_1_213' title='bbox 414 2201 500 2254; x_wconf 85' lang='lat' dir='ltr'>aliena</span> <span class='ocrx_word' id='word_1_214' title='bbox 511 2211 618 2270; x_wconf 88' lang='lat' dir='ltr'>repente</span> 
     </span>
    </p>

    <p class='ocr_par' dir='ltr' id='par_1_31' title="bbox 25 2270 682 2338">
     <span class='ocr_line' id='line_1_32' title="bbox 25 2270 682 2338; baseline 0.002 -17"><span class='ocrx_word' id='word_1_215' title='bbox 25 2306 29 2313; x_wconf 79' lang='lat'><em>-</em></span> <span class='ocrx_word' id='word_1_216' title='bbox 59 2270 157 2336; x_wconf 86' lang='lat' dir='ltr'>Allata,</span> <span class='ocrx_word' id='word_1_217' title='bbox 169 2277 249 2338; x_wconf 85' lang='lat' dir='ltr'>atque</span> <span class='ocrx_word' id='word_1_218' title='bbox 260 2271 330 2322; x_wconf 90' lang='lat' dir='ltr'>auris</span> <span class='ocrx_word' id='word_1_219' title='bbox 342 2271 449 2323; x_wconf 77' lang='lat' dir='ltr'>aliunde</span> <span class='ocrx_word' id='word_1_220' title='bbox 461 2271 563 2338; x_wconf 87' lang='lat' dir='ltr'>objecta</span> <span class='ocrx_word' id='word_1_221' title='bbox 575 2272 682 2335; x_wconf 85' lang='lat' dir='ltr'>alienis;</span> 
     </span>
    </p>

    <p class='ocr_par' dir='ltr' id='par_1_32' title="bbox 59 2337 722 2406">
     <span class='ocr_line' id='line_1_33' title="bbox 59 2337 722 2406; baseline 0.002 -17"><span class='ocrx_word' id='word_1_222' title='bbox 59 2337 111 2390; x_wconf 80' lang='lat' dir='ltr'>Sed</span> <span class='ocrx_word' id='word_1_223' title='bbox 123 2339 221 2406; x_wconf 84' lang='lat' dir='ltr'>pariter</span> <span class='ocrx_word' id='word_1_224' title='bbox 233 2340 317 2406; x_wconf 86' lang='lat' dir='ltr'>prima</span> <span class='ocrx_word' id='word_1_225' title='bbox 330 2345 454 2406; x_wconf 88' lang='lat' dir='ltr'>concepta</span> <span class='ocrx_word' id='word_1_226' title='bbox 465 2340 498 2390; x_wconf 90' lang='lat' dir='ltr'>ab</span> <span class='ocrx_word' id='word_1_227' title='bbox 511 2340 610 2405; x_wconf 87' lang='lat' dir='ltr'>origine</span> <span class='ocrx_word' id='word_1_228' title='bbox 622 2341 722 2406; x_wconf 77' lang='lat' dir='ltr'>mundi,</span> 
     </span>
    </p>

    <p class='ocr_par' dir='ltr' id='par_1_33' title="bbox 60 2406 894 2543">
     <span class='ocr_line' id='line_1_34' title="bbox 60 2406 894 2476; baseline 0.004 -18"><span class='ocrx_word' id='word_1_229' title='bbox 60 2406 188 2474; x_wconf 78' lang='lat' dir='ltr'>Certaque</span> <span class='ocrx_word' id='word_1_230' title='bbox 200 2425 260 2476; x_wconf 83' lang='lat' dir='ltr'>pars</span> <span class='ocrx_word' id='word_1_231' title='bbox 272 2409 328 2474; x_wconf 91' lang='lat' dir='ltr'>ejus</span> <span class='ocrx_word' id='word_1_232' title='bbox 335 2427 342 2470; x_wconf 93' lang='lat'>;</span> <span class='ocrx_word' id='word_1_233' title='bbox 360 2408 435 2475; x_wconf 87' lang='lat' dir='ltr'>quasi</span> <span class='ocrx_word' id='word_1_234' title='bbox 446 2407 520 2459; x_wconf 90' lang='lat' dir='ltr'>nobis</span> <span class='ocrx_word' id='word_1_235' title='bbox 532 2408 647 2459; x_wconf 88' lang='lat' dir='ltr'>membra</span> <span class='ocrx_word' id='word_1_236' title='bbox 659 2409 790 2462; x_wconf 81' lang='lat' dir='ltr'>videntur.</span> <span class='ocrx_word' id='word_1_237' title='bbox 844 2413 894 2461; x_wconf 87' lang='grc'>550</span> 
     </span>
     <span class='ocr_line' id='line_1_35' title="bbox 96 2475 714 2543; baseline 0.003 -17"><span class='ocrx_word' id='word_1_238' title='bbox 96 2475 232 2541; x_wconf 81' lang='lat' dir='ltr'>Praeterea,</span> <span class='ocrx_word' id='word_1_239' title='bbox 244 2477 338 2543; x_wconf 77' lang='lat' dir='ltr'>grandi</span> <span class='ocrx_word' id='word_1_240' title='bbox 351 2477 451 2528; x_wconf 88' lang='lat' dir='ltr'>tonitru</span> <span class='ocrx_word' id='word_1_241' title='bbox 463 2493 593 2541; x_wconf 87' lang='lat' dir='ltr'>concussa,</span> <span class='ocrx_word' id='word_1_242' title='bbox 606 2485 714 2543; x_wconf 89' lang='lat' dir='ltr'>repente</span> 
     </span>
    </p>
   </div>
   <div class='ocr_carea' id='block_1_3' title="bbox 24 2542 764 2613">
    <p class='ocr_par' dir='ltr' id='par_1_34' title="bbox 24 2542 764 2613">
     <span class='ocr_line' id='line_1_36' title="bbox 24 2542 764 2613; baseline 0.007 -20"><span class='ocrx_word' id='word_1_243' title='bbox 24 2590 26 2593; x_wconf 88' lang='lat'>.</span> <span class='ocrx_word' id='word_1_244' title='bbox 60 2542 147 2610; x_wconf 71' lang='lat' dir='ltr'>Terra,</span> <span class='ocrx_word' id='word_1_245' title='bbox 160 2561 238 2613; x_wconf 80' lang='lat' dir='ltr'>supra</span> <span class='ocrx_word' id='word_1_246' title='bbox 250 2561 346 2611; x_wconf 87' lang='lat' dir='ltr'>sequae</span> <span class='ocrx_word' id='word_1_247' title='bbox 360 2550 428 2610; x_wconf 83' lang='lat' dir='ltr'>sunt,</span> <span class='ocrx_word' id='word_1_248' title='bbox 441 2544 557 2595; x_wconf 90' lang='lat' dir='ltr'>concutit</span> <span class='ocrx_word' id='word_1_249' title='bbox 570 2545 661 2597; x_wconf 81' lang='lat' dir='ltr'>omnia</span> <span class='ocrx_word' id='word_1_250' title='bbox 669 2553 764 2598; x_wconf 59' lang='lat' dir='ltr'>motu*¹</span> 
     </span>
    </p>
   </div>
   <div class='ocr_carea' id='block_1_4' title="bbox 392 2643 568 2754">
    <p class='ocr_par' dir='ltr' id='par_1_35' title="bbox 392 2643 568 2754">
     <span class='ocr_line' id='line_1_37' title="bbox 392 2643 568 2698; baseline -0.006 -13"><span class='ocrx_word' id='word_1_251' title='bbox 392 2645 401 2674; x_wconf 75' lang='lat'>¹</span> <span class='ocrx_word' id='word_1_252' title='bbox 416 2643 502 2698; x_wconf 64' lang='lat' dir='ltr'>rigeat,</span> <span class='ocrx_word' id='word_1_253' title='bbox 516 2644 568 2684; x_wconf 71' lang='lat' dir='ltr'>MS.</span> 
     </span>
     <span class='ocr_line' id='line_1_38' title="bbox 469 2717 494 2754; baseline 0 0"><span class='ocrx_word' id='word_1_254' title='bbox 469 2717 494 2754; x_wconf 76' lang='lat' dir='ltr'>li</span> 
     </span>
    </p>
   </div>
   <div class='ocr_carea' id='block_1_5' title="bbox 0 0 991 2970">
    <p class='ocr_par' dir='ltr' id='par_1_36' title="bbox 0 0 991 2970">
     <span class='ocr_line' id='line_1_39' title="bbox 0 0 991 2970; baseline 0 0"><span class='ocrx_word' id='word_1_255' title='bbox 0 0 991 2970; x_wconf 95' lang='lat' dir='ltr'> </span> 
     </span>
    </p>
   </div>
  </div>
 </body>
</html>
