1928 2964
217 145 324 198 LIBER
342 145 499 198 TERTIUS.
741 148 774 197 75

30 249 74 314 uit,
86 244 252 314 adversisque
263 246 291 297 iu
304 246 380 298 rebus
389 263 500 311 noscere,
514 247 576 314 quid
589 248 631 299 sit.

30 334 87 371 'erae
100 332 174 368 voces
187 321 245 366 tum
257 315 364 366 demum
376 322 479 382 pectore
492 314 525 366 ab
537 316 589 367 imo

30 393 97 452 ntur,
110 391 137 436 et
149 385 260 452 eripitur
271 401 388 451 persona,
400 392 490 435 manet
501 401 548 436 res.

31 456 93 522 ique
104 453 235 518 avarities,
248 460 274 504 et
286 452 414 504 honorum
426 470 495 504 caeca
507 453 610 520 cupido,

30 524 122 575 riseros
134 522 250 573 homines
263 523 361 588 cogunt
373 521 556 573 transcendere
566 521 633 573 fines
739 523 773 573 60

34 598 61 644 et
73 590 206 642 interdum
219 590 299 641 socios
312 589 439 641 scelerum
450 597 531 656 atque
542 590 675 642 ministros

30 680 33 708 ι
44 667 125 727 atque
138 659 192 710 dies
204 659 256 710 niti
268 665 410 726 praestante
423 658 510 711 labore
671 663 675 671 '

31 746 107 781 mnas
119 744 250 794 emergere
262 744 338 795 opes:
357 727 413 779 haec
425 727 535 780 vulnera
546 728 608 791 vitae,

30 798 147 849 unimam
158 803 261 864 partem
272 796 363 847 mortis
374 796 514 848 formidine
525 797 640 850 aluntur.

44 866 115 918 enim
126 865 207 917 forme
219 871 385 932 contemptus
390 874 408 930 ⁸,
420 871 447 916 et
459 866 525 916 acris
537 872 637 932 egestas

31 953 42 987 s
53 935 88 987 ab
100 934 172 986 dulci
184 934 240 985 vita
252 933 392 1000 stabilique
402 933 533 1001 ridentur,

31 1003 60 1056 ui
68 1005 126 1070 jam
136 1002 184 1054 leti
195 1008 284 1070 portas
296 1002 444 1054 cunctarier
455 1008 533 1055 ante:

31 1073 152 1138 homines,
164 1071 228 1122 dum
240 1087 267 1122 se
278 1070 344 1122 falso
356 1074 460 1122 terrore·
465 1071 548 1123 coacti

31 1158 67 1193 sse
79 1141 172 1193 volunt
182 1140 268 1206 longe,
279 1139 408 1207 longeque
419 1156 538 1206 remosse,
613 1148 617 1189 “.
631 1162 635 1191 ¹.
650 1160 659 1193 ,¹

31 1210 72 1261 ine
84 1209 156 1261 cirili
167 1226 223 1260 rem
235 1208 357 1274 conflant,
370 1208 528 1275 divitiasque
739 1207 772 1262 70

31 1278 129 1347 plicant
141 1277 219 1344 avidi,
232 1276 330 1328 caedem
342 1277 412 1328 caede
423 1277 635 1341 accumulantes3

32 1364 60 1399 es
72 1347 188 1413 gaudent
200 1346 228 1397 iu
240 1346 311 1397 tristi
322 1346 414 1398 funere
425 1346 531 1410 fratris3

31 1414 209 1482 sanguineirm
220 1431 323 1466 mensas
335 1415 411 1466 odere
422 1415 579 1489 timentque
587 1421 636 1514 „p

31 1485 107 1537 simili
118 1485 218 1536 ratione
231 1483 265 1534 ab
277 1483 368 1534 eodem
380 1500 447 1551 saepe
459 1485 552 1536 timore

31 1557 54 1606 tt
66 1553 182 1605 invidia:
200 1557 263 1604 anto
275 1553 362 1603 oculos
373 1552 451 1603 illum
463 1570 516 1605 esse
528 1557 669 1621 potentem,

31 1622 185 1690 adspectat-i,
197 1621 266 1672 claro
279 1621 325 1689 qui
336 1621 436 1673 incedit
447 1622 544 1674 honore
554 1641 561 1685 ;

42 1692 72 1743 in
84 1690 198 1742 tenebris
210 1689 280 1742 volvi
293 1706 416 1757 coenoque
429 1696 582 1758 queruntur.

31 1765 75 1812 rut
87 1760 185 1827 partim
197 1765 345 1810 statuarum
358 1766 384 1810 et
396 1759 509 1810 nominis
521 1777 582 1827 ergo
592 1778 600 1824 ;

31 1846 51 1881 »e
63 1845 146 1895 usque
158 1828 222 1880 adeo
234 1828 325 1879 mortis
337 1827 476 1879 formidine
487 1829 550 1880 ritae

31 1899 51 1950 it
63 1897 192 1948 humanos
204 1896 294 1948 odium
306 1897 423 1963 lucisque
435 1896 562 1964 videndae,
736 1899 772 1948 80

31 2010 34 2017 .
47 1966 209 2018 consciscant
221 1966 341 2016 moerenti
353 1972 457 2033 pectore
469 1965 560 2033 letum,

31 2035 132 2087 fontem
143 2051 266 2086 curarum
277 2034 349 2085 hunc
361 2051 416 2086 esse
428 2034 555 2101 timorem,
681 2091 686 2100 ¹

31 2119 122 2156 vexare
134 2103 267 2172 pudorem,
280 2103 351 2154 hunc
363 2103 468 2155 vincula
480 2104 608 2156 amicitiai

31 2188 73 2241 ne,
85 2172 153 2225 etin
166 2188 268 2223 summa
278 2171 405 2239 pietamm
417 2178 532 2224 evertere
545 2173 644 2224 suadet.

32 2256 69 2299 tm
80 2256 149 2311 crepe
161 2240 280 2292 homines
291 2240 405 2307 patriam
417 2257 541 2308 carosque
553 2245 674 2309 parentes

32 2314 119 2375 mut,
130 2309 214 2362 vitare
226 2309 371 2360 Acherusia
383 2310 483 2377 templa
495 2316 622 2378 petentes.

32 2376 100 2433 eluti
111 2377 187 2447 pueri
199 2377 340 2444 trepidant,
353 2383 433 2444 atque
445 2379 533 2429 omnia
545 2377 620 2429 coccis

32 2446 94 2501 uris
105 2452 230 2498 metuunt
241 2464 248 2508 ;
267 2446 303 2496 sic
316 2463 362 2496 nos
374 2445 402 2496 in
413 2446 473 2498 luce
485 2447 609 2497 timemus

32 2532 80 2583 rm,
90 2515 176 2567 nihilo
206 2531 246 2566 uae
259 2521 322 2566 sunt
334 2515 475 2566 metuenda
487 2513 578 2580 magis,
591 2529 670 2580 quam

32 2584 85 2640 aeri
96 2583 127 2636 in
138 2589 199 2635 tene
217 2584 253 2633 ris
265 2583 395 2649 pavitant,
406 2582 563 2649 finguntque
574 2581 673 2635 futura.
737 2581 772 2631 90

218 2679 226 2698 ·
235 2675 306 2715 formas
315 2679 435 2723 contectum
449 2674 498 2714 MS.
746 2708 822 2805 ι
