1928 2964
354 157 466 211 LIBER
483 157 622 212 SEXTUS.
854 161 905 211 211

64 257 171 311 Scilicet
183 258 218 312 sd
229 258 342 311 medinm
354 259 487 326 regionem
499 261 583 326 ejecte
595 259 648 311 diei

65 328 155 391 Quum
167 335 352 395 convenerunt,
365 329 402 380 ibi
414 329 448 380 ed
460 328 527 380 altos
539 328 651 395 denique
663 333 765 381 montes

65 396 201 449 Oontrusae
214 397 296 448 nubes
307 403 439 464 coguntur
450 398 529 465 vique
541 402 703 464 premuntur.

100 465 223 518 Forsitan
234 465 391 545 AEthiopum
403 467 510 533 penitus
523 466 555 517 de
567 465 701 516 montibus
712 466 775 518 eltis

65 533 177 601 Crescat,
189 534 255 585 ubi
247 552 276 585 in
290 550 394 603 campos
406 534 478 586 albos
491 535 683 586 descendere'
657 551 769 602 ningues

64 575 185 656 'Pcbificis
198 602 297 670 subigit
308 603 389 655 radiis
401 603 439 655 sol
451 603 539 655 omnio
551 603 674 656 lustrans

360 714 401 769 Dc
413 716 473 769 locu
484 716 593 770 Averni.

98 802 176 855 Nunc
188 802 361 869 egestuosus
373 801 422 853 tibi
436 818 494 869 quae
507 802 560 854 sint
572 801 630 854 loos
642 817 754 869 cumque
766 802 900 871 lucusque,

64 870 106 922 Ex
142 871 212 923 diem
213 871 305 939 ,quali
317 877 413 922 nature
425 870 536 939 praedito
549 878 675 923 constent.
853 874 903 925 740

123 940 242 1020 rincipio,
254 939 323 1007 quod
337 941 440 991 Averno
452 946 580 990 vocentur
592 940 703 1006 nomine,
715 940 744 991 id
755 940 789 992 ob
800 959 828 993 re

65 1008 221 1076 Impositum
234 1017 273 1060 est
274 1008 356 1076 ,quis
368 1016 431 1059 sunt
443 1008 535 1060 ovibus
547 1025 595 1059 con
597 1009 677 1062 truria
689 1010 799 1076 cunctis,

63 1077 98 1129 Et
110 1078 215 1144 regione
228 1095 258 1129 es
270 1077 341 1144 quod
352 1077 410 1128 loco
422 1094 503 1144 quum
515 1094 608 1128 venere
620 1077 746 1145 volantes,

65 1145 217 1214 Remigiiim
229 1146 324 1211 oblitae,
337 1163 483 1214 pennarum
492 1145 551 1197 vele
561 1147 710 1213 remittunt,

63 1215 265 1283 Praecipitesque
278 1186 377 1267 cadunt
389 1214 463 1266 molli
475 1215 574 1266 cervice
586 1216 699 1282 profusos

63 1284 96 1336 In
111 1290 216 1351 terrem,
229 1284 250 1335 si
263 1285 329 1336 forte
342 1284 381 1335 ito
393 1283 445 1334 fert
457 1289 553 1335 nature
564 1283 681 1335 locorum
688 1303 695 1347 ;

62 1353 119 1404 Aut
130 1354 160 1404 in
171 1370 274 1420 squam,
288 1353 310 1404 si
321 1353 389 1404 forte
401 1353 473 1404 locus
486 1352 633 1404 substratus
645 1353 751 1406 Averni.

98 1422 151 1474 Hic
163 1422 235 1474 locus
247 1427 287 1474 est
300 1421 394 1474 Cumas
405 1422 477 1488 opud
489 1422 544 1473 scri
556 1421 682 1489 sulphure
693 1423 818 1474 montesm

63 1491 170 1560 Oppleti
182 1491 274 1542 calidis
285 1490 332 1542 ubi
343 1490 448 1543 fument
459 1490 579 1542 fontibus
591 1492 671 1544 aucti.

152 1613 272 1666 Cornices
283 1613 397 1666 Athenis
408 1611 445 1665 ad
456 1612 535 1666 cedem
546 1613 674 1667 Mioerooe
686 1631 741 1667 ooo
751 1631 807 1668 esse.

97 1701 145 1752 Est
157 1706 184 1752 et
196 1700 331 1752 Athenoeis
344 1699 372 1750 in
383 1699 520 1765 moenibus,
533 1699 599 1751 orcis
612 1699 708 1767 inipso
850 1700 901 1754 750

63 1770 176 1834 Vertice,
189 1769 304 1821 Palladis
316 1769 351 1820 sd
363 1769 492 1835 templum
504 1768 651 1819 Tritonidos
663 1769 746 1835 olinae,

63 1839 120 1902 Quo
132 1855 268 1906 nunquam
280 1837 372 1906 pennis
384 1836 522 1905 appellunt
535 1853 640 1903 corpora
651 1854 738 1889 reuces

62 1907 189 1973 cornices,
201 1924 254 1958 non
266 1924 346 1974 quum
358 1906 462 1957 fument
474 1904 568 1955 altorio
580 1905 666 1956 donis:

62 1977 152 2044 Usque
164 1947 228 2028 odeo
239 1975 357 2043 fugitant
369 1991 421 2025 non
433 1974 485 2024 irus
498 1973 614 2024 Pailodis
626 1990 698 2024 acres

61 2045 190 2112 Pervigili
203 2061 288 2110 ceusu,
301 2043 409 2096 Graium
422 2048 453 2093 ut
465 2042 582 2094 cecinere
594 2049 691 2109 poetae:

61 2114 114 2168 Sed
126 2121 222 2166 notura
233 2113 284 2165 loci
296 2129 361 2180 opus
374 2111 473 2163 efficit
465 2128 523 2179 ipss
534 2127 582 2162 sue
594 2111 628 2164 vi.

318 2232 355 2284 Io
367 2231 449 2302 Syrio
462 2231 646 2302 quadrupedes.

98 2315 132 2368 In
143 2316 219 2385 Syrio
231 2334 332 2386 quoque
344 2318 429 2368 fertur
441 2318 505 2369 item
518 2318 588 2368 locus
601 2335 663 2384 esse,
676 2318 766 2384 videri,

62 2387 250 2454 Quadrupedes
262 2404 365 2454 quoque
377 2402 428 2453 quo
441 2386 563 2438 simulac
576 2387 687 2453 vestigia
700 2387 815 2454 primum

62 2454 216 2522 intulerint,
229 2456 343 2521 graviter
356 2456 395 2505 vis
408 2465 484 2521 cogat
497 2455 631 2505 concidere
643 2457 707 2523 ipss,

60 2523 184 2576 Manibus
197 2531 228 2576 ut
240 2525 261 2575 si
274 2525 327 2575 sint
339 2524 407 2575 divis
419 2533 534 2574 mactata
546 2531 659 2590 repente.
851 2525 901 2578 760

61 2593 157 2646 Omnis
170 2610 227 2660 quse
240 2593 356 2644 naturali
367 2592 468 2643 ratione
480 2604 624 2658 geruntur;

315 2685 330 2704 ⁸¹
344 2685 365 2717 et
375 2680 425 2717 risui
435 2691 471 2728 per
481 2685 573 2726 moutes;
589 2680 636 2719 MS.
