1964 2970
318 130 631 203 iisnssroornos.
859 152 893 203 47

56 247 193 316 Praetereo,
206 266 308 317 megnae
321 250 435 317 legiones
447 268 530 318 quum
541 250 598 303 loce
610 268 686 302 cursu

56 317 215 385 Cemporum
227 319 366 387 complent,
378 319 441 371 belli
451 320 590 372 simulacra
602 320 708 385 cientes,

56 386 159 454 Fulgur
170 388 228 438 ibis
240 389 273 440 od
286 388 382 440 ooelum
394 406 421 441 se
434 389 512 455 tollit,
524 395 632 456 totoque
645 389 744 442 circum

56 455 119 508 AEre
131 457 271 510 renidescit
283 458 370 524 tellus,
383 457 523 526 subterque
535 457 621 510 virum
634 458 661 510 vi

56 525 169 577 Excitur
180 526 290 594 pedibus
303 526 410 593 sonitus,
423 527 587 594 clamoreque
599 533 702 579 montes

56 594 108 646 Icti
119 597 248 663 rejectant
259 613 334 648 voces
346 596 380 648 ud
392 596 477 648 sidere
488 597 595 659 mundi;
843 600 895 650 330

56 663 92 715 Et
105 663 317 718 circumvolitant
329 665 437 733 equites,
449 666 599 733 mediosque
611 672 718 734 repente

56 732 252 786 Transmittunt
263 734 351 786 valido
364 734 513 802 quatientes
525 735 622 802 impete
635 752 753 803 campos:

56 800 92 852 Et
105 808 194 854 temen
206 811 246 855 est
258 804 366 871 quidem
378 804 450 855 locus
462 803 523 856 eltis
535 803 675 870 montibus,
686 804 757 858 unde

56 869 132 924 Stare
145 872 276 940 videntur,
289 878 316 925 et
327 873 357 924 in
369 873 468 940 campis
480 872 619 925 consistere
631 873 728 940 fulgur.

319 990 457 1060 Defipurc
468 999 621 1043 atomorum.

92 1075 170 1127 Nunc
182 1093 238 1143 ege,
246 1077 303 1144 jem
315 1076 437 1145 deinceps
449 1081 605 1131 cunctarum
618 1077 724 1128 exordia
735 1093 830 1143 rerum,

58 1145 154 1209 Quulin
166 1145 226 1212 sint,
239 1153 266 1198 et
278 1163 358 1214 quem
369 1146 446 1212 longe
459 1145 586 1197 distentio
597 1146 694 1209 formis,

58 1212 186 1282 Percipe;
202 1214 356 1282 multigenis
369 1232 448 1282 quem
461 1215 515 1266 sint
527 1215 629 1266 variata
641 1214 746 1281 figuris:

58 1282 117 1335 Non
132 1300 184 1350 quo
195 1283 281 1337 multe
291 1301 385 1353 perum
398 1284 478 1336 simili
491 1284 544 1336 sint
556 1283 668 1351 praedite
679 1283 770 1349 forme,

58 1350 111 1404 Sed
123 1352 186 1420 quio
196 1370 250 1406 uon
261 1353 340 1420 vulgo
352 1354 426 1420 perio
438 1354 559 1405 omuibus
571 1352 658 1404 omnia
671 1358 798 1405 constant.

58 1421 84 1472 N
85 1439 114 1473 ec
126 1422 235 1474 mirum:
254 1439 316 1475 nam
327 1439 411 1490 quum
423 1423 457 1474 sit
470 1440 558 1474 eorum
571 1422 646 1490 copie
657 1427 741 1488 tante,

58 1490 96 1542 Ut
108 1507 194 1557 neque
206 1491 272 1557 finis,
285 1492 327 1543 uti
338 1492 423 1558 docui,
436 1509 520 1559 neque
533 1508 634 1544 summe
646 1491 682 1542 sit
694 1490 763 1544 ulle:

57 1559 163 1612 Debent
174 1561 299 1613 nimirum
310 1578 363 1613 non
374 1560 495 1614 omnibus
507 1561 594 1613 omnia
606 1577 724 1629 prorsum
845 1563 897 1613 340

58 1629 123 1681 Esse
134 1629 191 1698 pari
202 1629 247 1681 filo
259 1630 390 1698 similique
401 1631 496 1683 effecto
507 1631 599 1698 figure.
783 1654 808 1730 γι

24 1687 61 1753 f
94 1698 224 1752 Praeteren
235 1717 318 1768 genus
330 1699 483 1766 humanum,
494 1706 627 1767 mutaeque
639 1704 762 1751 notantes

58 1767 260 1836 squamigerum
272 1769 391 1837 pecudes,
403 1775 430 1820 et
442 1768 504 1821 laets
515 1775 634 1821 armento
645 1769 766 1837 fereeque,

58 1837 95 1889 Et
106 1837 186 1890 variae
197 1838 322 1904 volucres,
333 1838 453 1890 laeteutie
464 1855 520 1906 quae
532 1837 589 1890 locu
601 1855 730 1906 equorum

59 1906 251 1959 concelebrent
263 1907 361 1959 circum
371 1907 442 1974 ripes
453 1907 590 1974 fontesque
602 1906 741 1973 locusque3

58 1975 94 2027 Et
106 1993 165 2043 quse
176 1975 334 2044 pervulgant
345 1993 451 2028 nemore
463 1977 523 2029 evin
534 1975 734 2044 pervolitantee3

59 2045 176 2115 Quorum
188 2045 382 2112 unumquodvis
394 2046 538 2112 generatim
551 2062 651 2097 sumere
663 2062 755 2113 perge:

58 2113 182 2166 Invenies
195 2120 283 2166 tumen
294 2115 364 2167 iuter
375 2131 402 2165 se
414 2113 511 2167 distare
523 2114 621 2181 figuris.

58 2183 86 2235 N
86 2201 116 2235 ec
127 2183 229 2236 ratione
240 2183 293 2235 elin
304 2183 389 2253 proles
401 2200 553 2250 cognoscere
565 2189 683 2249 matrem,
783 2223 785 2227 .

58 2252 86 2304 N
86 2269 116 2304 ec
127 2258 212 2305 meter
223 2260 309 2321 posset
320 2253 435 2321 prolem;
452 2253 522 2320 quod
535 2271 608 2321 posse
620 2252 747 2319 videmus,
846 2253 897 2304 350

58 2322 86 2374 N
86 2339 116 2374 ec
128 2321 216 2373 miuus
227 2328 308 2390 etque
320 2322 438 2374 homines
449 2322 519 2374 inter
531 2339 558 2375 se
570 2327 633 2374 nott
646 2320 739 2373 cluere.

59 2391 130 2444 Nem
142 2407 209 2460 saeps
221 2398 283 2443 ente
296 2391 375 2444 deirm
387 2391 487 2444 vitulus
499 2390 607 2443 delubra
619 2390 711 2442 decoro

59 2460 223 2513 Turicremus
234 2467 342 2529 propter
354 2465 486 2512 mactatus
498 2460 612 2512 concidit
624 2476 689 2525 eres,

59 2529 202 2597 Sanguinis
214 2531 348 2598 exspirans
361 2529 477 2581 calidum
489 2530 521 2580 de
533 2535 636 2596 pectore
648 2528 761 2580 flumen:

58 2599 97 2652 At
109 2605 195 2652 muter
206 2599 301 2652 virides
312 2599 396 2653 soltus
409 2598 503 2656 orbate
514 2617 673 2672 peregrum,

411 2697 424 2728 s
438 2690 491 2741 ubl,
506 2691 561 2734 MS.
