1928 2964
80 159 99 196 Χ
383 155 615 210 ARGUMENTA.

78 276 154 324 vitam
169 275 279 338 pendere,
296 273 446 336 salutemque
467 275 600 323 conservari
621 276 767 322 demonstrat
783 274 818 337 [v.
836 277 916 327 ⁸9⁷-

80 355 150 417 417].
184 356 279 404 Deinde
295 355 387 402 animos
405 360 430 401 et
446 356 538 402 animas
555 355 622 402 nasci
638 361 661 401 et
677 351 774 402 interire
790 372 847 403 cum
865 371 917 403 cor·
947 346 950 351 ¹

80 438 186 500 pontius,
204 452 246 484 sex
262 443 286 484 et
301 436 387 498 viginti
406 437 555 498 argumentis
574 437 696 483 ostendere
715 443 822 493 conatur,
840 437 917 483 derisa

79 516 153 564 etiam
169 516 244 563 obiter
254 516 462 576 transmigratione
474 516 616 578 Pythagorae
628 514 664 577 [v.
675 517 825 578 als-841}
860 517 918 564 Istis
958 530 961 537 ⁴

79 602 161 642 autem
178 610 208 642 ex
223 595 371 656 argumentis
387 595 515 652 concludit,
527 603 629 643 mortem
645 611 696 643 esse
712 597 821 642 omnium
835 611 918 644 rerum

80 673 161 732 finem,
179 690 223 722 nec
239 681 410 738 postmortem
426 675 523 722 mortali
537 675 625 722 animae
642 676 773 737 quidquam
783 677 918 723 timendttm

81 770 144 813 esse;
164 758 221 815 imo,
233 758 253 804 si
269 758 357 805 animae
373 757 539 804 immortalitas
556 757 706 813 concedatur,
720 763 819 804 mortem
836 763 917 805 tamen

78 837 144 884 nihil
161 853 219 892 esse,
231 853 307 899 quum
324 838 410 895 anima,
425 852 520 900 corpore
537 838 652 898 seiuncta,
666 852 716 884 non
731 837 875 895 meminerit,
892 852 918 885 se
944 879 946 883 Α

83 930 192 978 unquam
204 925 273 964 antea
285 917 402 964 exstitisse
417 915 450 976 [v.
462 915 611 976 sat-sm
644 917 746 964 Proinde
756 917 818 963 ridet
827 932 918 965 vanum

86 997 170 1043 mortis
186 1003 286 1054 metum,
298 1004 322 1045 et
336 998 433 1044 inanem
448 998 574 1044 hominum
591 997 619 1044 de
636 998 759 1058 sepultura
774 997 918 1046 sollieitudi-

83 1089 139 1122 nem
152 1074 187 1137 [v.
199 1076 352 1138 883-906];
370 1077 493 1139 docetque,
504 1085 606 1124 mortem
619 1091 668 1123 non
683 1091 734 1123 esse
747 1077 849 1133 malum,
861 1078 919 1140 quia

84 1157 174 1204 mortni
189 1173 237 1204 non
253 1158 376 1220 indigeant
390 1158 467 1216 bonis,
479 1158 566 1219 quibus
577 1158 626 1205 vivi
641 1157 768 1219 gaudeant,
778 1172 857 1218 neque
867 1157 919 1204 istis

84 1235 206 1284 doloribus
222 1239 367 1296 crucientur,
378 1238 420 1300 qui
434 1238 532 1286 miseros
547 1238 658 1285 mortales
672 1237 780 1298 affligant
791 1236 826 1299 [r.
838 1237 919 1288 907-

84 1316 154 1378 943]‚
165 1318 239 1365 vitam
253 1319 326 1365 etiam
338 1319 416 1380 ipsam
432 1333 481 1364 non
498 1333 550 1365 esse
566 1318 754 1375 desiderabilem,
764 1318 853 1380 quippe
863 1333 918 1380 quae

85 1397 147 1444 nihil
168 1399 223 1445 novi
244 1399 333 1455 afferat,
353 1398 395 1444 sed
413 1399 508 1445 easdem
526 1413 619 1460 semper
635 1399 769 1460 voluptates
789 1414 867 1460 usque
888 1399 918 1447 ad

86 1491 202 1524 nauseam
213 1479 377 1524 subministret
390 1475 424 1537 [v.
437 1478 587 1541 eea—988}
600 1524 602 1528 ,
613 1479 677 1525 Tum
688 1484 712 1525 et
721 1478 836 1526 terrificas
847 1479 917 1529 fabu-

83 1555 128 1613 las,
136 1572 196 1618 quas
206 1559 284 1618 pottae
296 1563 353 1604 sunt
362 1557 391 1604 de
401 1556 483 1604 inferis
490 1565 513 1604 et
519 1559 596 1620 poenis
606 1563 771 1620 postmortem
781 1560 919 1618 commenti,

84 1635 212 1698 allegorica
227 1637 331 1698 quadam
346 1637 540 1698 interpretatione
560 1638 637 1685 elevat
655 1636 689 1699 [v.
706 1639 871 1702 989-1086]‚
888 1639 919 1687 ad

85 1715 256 1763 consolandam
272 1717 328 1764 vitae
344 1717 498 1778 fragilitatem
512 1718 584 1764 etiam
598 1718 704 1765 historiae
716 1733 774 1766 voce
784 1733 851 1774 usus,
863 1733 918 1780 quae

86 1795 274 1857 sapientissimos
289 1797 378 1858 pariter
394 1803 465 1860 atque
480 1798 658 1860 potentissimos
674 1798 784 1845 homiues
793 1798 844 1845 vim
860 1798 919 1862 dirae¹

84 1869 232 1922 necessitatis
253 1877 354 1924 sensisse
375 1877 502 1924 admoueat
523 1876 558 1939 [v.
583 1876 762 1938 wat—1057}
805 1876 919 1938 Denique

85 1954 198 2001 mortales
214 1956 248 2003 ait
258 1956 333 2003 vitam
350 1957 476 2006 sollicitam
492 1963 515 2004 et
529 1957 661 2019 inquietam
672 1971 749 2019 agere,
761 1956 825 2017 quod
835 1957 920 2005 mortis

83 2035 174 2096 justam
186 2036 411 2098 contemplationem
422 2037 542 2099 refugiant
554 2035 589 2098 [v.
600 2037 785 2099 1058-1088];
798 2036 920 2098 stulteque

85 2122 110 2163 et
125 2116 204 2179 inepte
215 2118 276 2164 votis
292 2119 403 2166 omuibus
419 2135 472 2166 eam
483 2119 558 2165 vitam
574 2126 690 2181 expetere,
702 2133 774 2179 quam
790 2117 919 2178 aliquando

87 2197 199 2244 amissuri
215 2199 270 2255 sint,
281 2215 336 2260 quae
348 2199 442 2247 nullam
452 2214 540 2246 novam
550 2199 698 2260 voluptatem
708 2199 776 2256 ferat,
787 2197 919 2247 innumeris

88 2291 144 2324 vero
167 2277 288 2325 doloribus
310 2285 333 2326 et
353 2278 467 2341 periculis
488 2279 590 2326 obnoxia
611 2280 656 2334 sit;
688 2278 821 2340 praesertim
844 2294 920 2341 quum

89 2356 188 2405 vivendo
205 2365 229 2406 et
244 2360 372 2407 metuendo
388 2359 449 2407 nihil
465 2359 590 2407 detrahant
601 2360 630 2406 de
640 2366 746 2421 tempore
761 2359 853 2419 mortis,
865 2375 919 2424 quae

87 2453 169 2487 omnes
179 2448 275 2489 maneat
283 2448 372 2488 aterna
384 2439 419 2502 [v.
432 2435 612 2503 lose-1107}
