1928 2964
72 154 126 204 204
384 152 413 206 Τ.
431 152 599 205 nucitum

400 284 441 337 De
453 283 586 337 interiise.

107 383 185 437 Nune
197 402 253 452 ege,
267 402 318 453 quo
330 390 407 453 poeto
419 384 525 453 pluvius
537 390 685 436 concrescat
696 384 726 435 in
737 384 802 437 eltis

72 452 194 506 Nubibus
206 454 306 520 humor,
318 462 345 506 et
357 454 385 505 in
397 460 479 505 terres
491 453 618 505 demissus
630 459 661 504 ut
672 453 757 505 imber

72 522 192 588 Decidat,
204 540 237 575 ex
257 523 348 574 edium.
376 523 502 584 Primum,
511 524 568 589 jem
580 523 681 574 semine
692 525 774 589 aquei

72 589 161 642 Multa
173 541 256 642 simul
263 592 367 643 vineam
379 608 533 658 consurgere
545 590 659 642 nubibus
670 591 735 659 ipsis

74 658 201 711 Omnibus
213 676 246 710 ex
257 659 342 726 rebus,
355 661 504 728 pariterque
515 661 554 712 ite
567 676 680 711 creseere
693 668 844 728 utrumque,

72 726 109 780 Et
120 726 209 794 nubes,
222 734 249 780 et
261 745 365 795 equam,
377 745 551 796 quaeeumque
562 730 591 780 in
602 727 715 780 nubibus
728 735 825 795 exstet,
862 732 911 781 500

72 795 111 848 Ut
123 796 222 864 puriter
234 796 307 849 nobis
320 815 413 866 eorpus
425 814 486 850 eum
499 798 626 864 sunguine
638 797 738 863 erescit,

73 863 158 917 Sudor
166 865 230 917 item
242 873 323 933 etque
331 866 432 932 humor,
441 866 599 934 quicumque
608 872 647 918 est
656 865 769 933 denique
779 866 912 918 membris.

73 933 232 1002 Concipiunt
243 935 324 986 etiem
335 935 450 986 multum
463 952 565 1002 quoque
577 951 645 1002 saepe
656 935 790 986 murinum

74 1002 226 1069 Humorem,
238 1003 321 1056 veluti
333 1003 475 1072 pendentia
486 1004 583 1056 vellere
594 1003 662 1055 lenae

74 1070 163 1134 Quum
174 1089 268 1140 supere
279 1090 404 1140 magnum
415 1089 487 1124 mere
499 1073 573 1125 venti
584 1072 677 1124 nubile
688 1076 803 1140 portent.

74 1139 208 1192 Consimili
219 1142 325 1194 rstione'
333 1159 366 1192 ex
378 1141 497 1193 omnibus
509 1141 631 1193 amnibus
640 1141 733 1192 humor

74 1208 186 1262 Tollitur
196 1210 225 1261 in
237 1211 319 1262 nubes
329 1229 334 1263 :
353 1226 405 1277 quo
417 1227 478 1262 eum
488 1210 555 1262 bene
567 1210 666 1262 semine
677 1226 808 1277 equarum

72 1276 162 1330 Multo
174 1279 257 1330 modis
269 1279 360 1332 multis
372 1296 515 1332 convenere
527 1278 643 1346 undique
654 1278 782 1342 adsucte3

74 1345 202 1399 conferte
215 1348 296 1399 nubes
309 1349 336 1400 vi
347 1349 421 1401 venti
431 1348 537 1400 mittere
549 1352 652 1399 oertent

73 1414 236 1483 Dupliciter:
253 1417 367 1469 nemris
379 1417 452 1469 venti
463 1416 603 1482 oontrudit,
615 1422 643 1469 et
654 1416 712 1484 ipse
860 1419 912 1468 510

75 1482 156 1551 Copia
166 1485 322 1554 nimborum,
334 1486 412 1538 turba
424 1488 521 1554 majore
532 1491 629 1550 coacte,

74 1551 164 1619 Urget,
177 1559 205 1605 et
216 1571 231 1605 e
243 1571 336 1622 supero
347 1555 451 1622 premit,
463 1572 494 1608 eo
505 1554 571 1606 feeit
583 1554 686 1606 effluere
697 1552 800 1606 imbres.

108 1620 244 1688 Praeteree,
257 1639 338 1689 quum
349 1631 485 1676 rarescunt
497 1640 598 1690 quoque
609 1623 701 1675 nubile
713 1623 808 1689 ventis,

74 1687 130 1741 Aut
142 1689 321 1742 dissolvuntur
332 1691 393 1742 solis
406 1710 483 1760 super
494 1693 548 1744 iota
560 1692 651 1758 oelore,

73 1756 189 1810 Mittunt
201 1759 336 1811 humorem
348 1760 483 1828 plurium;
501 1760 626 1827 stillente,
639 1759 713 1828 quasi
725 1760 783 1828 igni

38 1841 41 1845 ’
74 1826 138 1880 (lere
150 1845 228 1896 super
239 1829 324 1881 oelido
336 1828 470 1882 tabescens
481 1829 567 1882 multe
578 1829 714 1897 liquescet.

108 1895 160 1949 Sed
171 1897 310 1951 vehemens
322 1899 405 1951 imber
415 1899 454 1965 fit,
467 1899 513 1950 ubi
524 1898 691 1951 vehementer
705 1903 817 1966 utreque

73 1963 173 2018 Nubila
184 1967 210 2018 vi
223 1968 356 2020 cumulate
368 1974 523 2037 premuntur
535 1972 562 2018 et
574 1967 671 2035 impete
683 1967 763 2019 venti.

108 2037 144 2086 At
156 2035 269 2088 retinere
281 2037 328 2087 diu
340 2037 436 2104 pluviae
449 2037 610 2104 longumque
621 2037 718 2088 morari

74 2102 245 2171 Consuerunt,
259 2105 304 2156 ubi
315 2107 401 2157 multe
412 2106 523 2157 fluenter
535 2105 634 2157 semina
645 2121 783 2173 equorum,
861 2109 912 2158 520

73 2172 162 2240 Atque
174 2172 232 2224 eliis
244 2173 303 2225 aliae
315 2173 397 2226 nubes
409 2174 543 2241 nimbique
554 2173 671 2240 rigentes

74 2239 191 2309 Insuper,
204 2250 283 2310 etque
296 2243 367 2294 omni
379 2243 458 2310 vulgo
470 2243 502 2294 de
514 2250 597 2311 parte,
609 2244 747 2304 feruntur;

73 2308 203 2378 Terraque
217 2328 299 2378 quum
310 2311 416 2364 fumans
429 2313 564 2364 humorem
576 2317 633 2363 tote
644 2310 754 2362 rehelet.

108 2379 180 2431 Hine
192 2380 238 2431 ubi
250 2381 288 2432 sol
298 2381 379 2432 radiis
391 2387 574 2449 tempestatem
586 2381 655 2431 inter
663 2396 772 2447 opaeum

73 2447 190 2500 Adverso
201 2449 277 2501 fulsit
289 2450 437 2502 nimborum
449 2450 585 2519 aspergine
597 2455 703 2512 oontre3

417 2563 458 2616 De
468 2581 557 2633 arque.

72 2646 140 2699 uum
152 2647 222 2699 color
233 2648 262 2699 in
273 2649 357 2717 nigris
368 2649 472 2701 exsistit
484 2649 599 2701 nubibus
610 2649 694 2716 arqui.

94 2716 193 2789 Uetere,
207 2736 270 2791 quse
281 2738 390 2777 sursum
403 2725 535 2789 creseunt,
546 2734 702 2784 sursumque
712 2723 845 2784 orerentur,
