<?xml version="1.0" encoding="UTF-8"?>
<!DOCTYPE html PUBLIC "-//W3C//DTD XHTML 1.0 Transitional//EN"
    "http://www.w3.org/TR/xhtml1/DTD/xhtml1-transitional.dtd">
<html xmlns="http://www.w3.org/1999/xhtml" xml:lang="en" lang="en">
 <head>
  <title>
</title>
<meta http-equiv="Content-Type" content="text/html;charset=utf-8" />
  <meta name='ocr-system' content='tesseract 3.04.00' />
  <meta name='ocr-capabilities' content='ocr_page ocr_carea ocr_par ocr_line ocrx_word'/>
</head>
<body>
  <div class='ocr_page' id='page_1' title='image "./tlucretiicaride03carugoog_0133.png"; bbox 0 0 1928 2964; ppageno 0'>
   <div class='ocr_carea' id='block_1_1' title="bbox 88 101 616 184">
    <p class='ocr_par' dir='ltr' id='par_1_1' title="bbox 88 101 616 184">
     <span class='ocr_line' id='line_1_1' title="bbox 88 101 616 184; baseline 0.013 -7"><span class='ocrx_word' id='word_1_1' title='bbox 88 127 141 179; x_wconf 92' lang='lat' dir='ltr'>10s</span> <span class='ocrx_word' id='word_1_2' title='bbox 174 101 178 108; x_wconf 80' lang='grc'>’</span> <span class='ocrx_word' id='word_1_3' title='bbox 398 128 427 182; x_wconf 83' lang='lat' dir='ltr'>r.</span> <span class='ocrx_word' id='word_1_4' title='bbox 446 130 616 184; x_wconf 81' lang='lat' dir='ltr'>nucnrrss</span> 
     </span>
    </p>
   </div>
   <div class='ocr_carea' id='block_1_2' title="bbox 30 234 932 927">
    <p class='ocr_par' dir='ltr' id='par_1_2' title="bbox 89 234 663 293">
     <span class='ocr_line' id='line_1_2' title="bbox 89 234 663 293; baseline 0.012 -6"><span class='ocrx_word' id='word_1_5' title='bbox 89 234 117 288; x_wconf 78' lang='lat' dir='ltr'>si</span> <span class='ocrx_word' id='word_1_6' title='bbox 130 234 179 288; x_wconf 90' lang='lat' dir='ltr'>tibi</span> <span class='ocrx_word' id='word_1_7' title='bbox 191 236 258 289; x_wconf 86' lang='lat' dir='ltr'>forte</span> <span class='ocrx_word' id='word_1_8' title='bbox 270 237 388 290; x_wconf 81' lang='lat' dir='ltr'>animum</span> <span class='ocrx_word' id='word_1_9' title='bbox 401 240 450 291; x_wconf 85' lang='lat' dir='ltr'>teli</span> <span class='ocrx_word' id='word_1_10' title='bbox 461 242 563 293; x_wconf 84' lang='lat' dir='ltr'>ratione</span> <span class='ocrx_word' id='word_1_11' title='bbox 575 247 663 293; x_wconf 87' lang='lat' dir='ltr'>tenere</span> 
     </span>
    </p>

    <p class='ocr_par' dir='ltr' id='par_1_3' title="bbox 90 304 816 378">
     <span class='ocr_line' id='line_1_3' title="bbox 90 304 816 378; baseline 0.014 -23"><span class='ocrx_word' id='word_1_12' title='bbox 90 304 213 356; x_wconf 80' lang='lat' dir='ltr'>Versibus</span> <span class='ocrx_word' id='word_1_13' title='bbox 225 305 254 356; x_wconf 88' lang='lat' dir='ltr'>in</span> <span class='ocrx_word' id='word_1_14' title='bbox 265 308 360 359; x_wconf 89' lang='lat' dir='ltr'>nostris</span> <span class='ocrx_word' id='word_1_15' title='bbox 372 325 480 376; x_wconf 87' lang='lat' dir='ltr'>possem,</span> <span class='ocrx_word' id='word_1_16' title='bbox 493 311 557 361; x_wconf 89' lang='lat' dir='ltr'>dum</span> <span class='ocrx_word' id='word_1_17' title='bbox 569 311 694 378; x_wconf 87' lang='lat' dir='ltr'>perspicis</span> <span class='ocrx_word' id='word_1_18' title='bbox 707 327 816 366; x_wconf 88' lang='lat' dir='ltr'>omnem</span> 
     </span>
    </p>

    <p class='ocr_par' dir='ltr' id='par_1_4' title="bbox 88 372 671 444">
     <span class='ocr_line' id='line_1_4' title="bbox 88 372 671 444; baseline 0.01 -19"><span class='ocrx_word' id='word_1_19' title='bbox 88 372 219 426; x_wconf 76' lang='lat' dir='ltr'><strong>Naturam</strong></span> <span class='ocrx_word' id='word_1_20' title='bbox 230 391 325 440; x_wconf 89' lang='lat' dir='ltr'>rerum,</span> <span class='ocrx_word' id='word_1_21' title='bbox 337 393 368 428; x_wconf 83' lang='lat' dir='ltr'>sc</span> <span class='ocrx_word' id='word_1_22' title='bbox 380 379 507 444; x_wconf 79' lang='lat' dir='ltr'>persentis</span> <span class='ocrx_word' id='word_1_23' title='bbox 520 379 671 431; x_wconf 72' lang='lat' dir='ltr'>utilitatem.</span> 
     </span>
    </p>

    <p class='ocr_par' dir='ltr' id='par_1_5' title="bbox 124 441 796 512">
     <span class='ocr_line' id='line_1_5' title="bbox 124 441 796 512; baseline 0.013 -19"><span class='ocrx_word' id='word_1_24' title='bbox 124 441 175 494; x_wconf 83' lang='lat' dir='ltr'>Sed</span> <span class='ocrx_word' id='word_1_25' title='bbox 188 444 311 509; x_wconf 82' lang='lat' dir='ltr'>quonism</span> <span class='ocrx_word' id='word_1_26' title='bbox 324 444 408 512; x_wconf 88' lang='lat' dir='ltr'>docui,</span> <span class='ocrx_word' id='word_1_27' title='bbox 421 453 575 499; x_wconf 73' lang='lat' dir='ltr'>cunctarum</span> <span class='ocrx_word' id='word_1_28' title='bbox 587 448 694 500; x_wconf 80' lang='lat' dir='ltr'>exordis</span> <span class='ocrx_word' id='word_1_29' title='bbox 706 466 796 502; x_wconf 89' lang='lat' dir='ltr'>rerum</span> 
     </span>
    </p>

    <p class='ocr_par' dir='ltr' id='par_1_6' title="bbox 90 509 722 580">
     <span class='ocr_line' id='line_1_6' title="bbox 90 509 722 580; baseline 0.011 -19"><span class='ocrx_word' id='word_1_30' title='bbox 90 509 184 574; x_wconf 74' lang='lat' dir='ltr'>Qualis</span> <span class='ocrx_word' id='word_1_31' title='bbox 196 513 256 578; x_wconf 91' lang='lat' dir='ltr'>sint,</span> <span class='ocrx_word' id='word_1_32' title='bbox 270 519 296 564; x_wconf 90' lang='lat' dir='ltr'>ct</span> <span class='ocrx_word' id='word_1_33' title='bbox 309 529 387 580; x_wconf 86' lang='lat' dir='ltr'>quem</span> <span class='ocrx_word' id='word_1_34' title='bbox 399 515 479 566; x_wconf 80' lang='lat' dir='ltr'>variis</span> <span class='ocrx_word' id='word_1_35' title='bbox 491 516 619 567; x_wconf 78' lang='lat' dir='ltr'>distentis</span> <span class='ocrx_word' id='word_1_36' title='bbox 631 517 722 568; x_wconf 85' lang='lat' dir='ltr'>formis</span> 
     </span>
    </p>

    <p class='ocr_par' dir='ltr' id='par_1_7' title="bbox 89 577 704 651">
     <span class='ocr_line' id='line_1_7' title="bbox 89 577 704 651; baseline 0.011 -22"><span class='ocrx_word' id='word_1_37' title='bbox 89 577 188 646; x_wconf 84' lang='lat' dir='ltr'>Sponte</span> <span class='ocrx_word' id='word_1_38' title='bbox 200 598 247 631; x_wconf 82' lang='lat' dir='ltr'>sua</span> <span class='ocrx_word' id='word_1_39' title='bbox 258 581 379 647; x_wconf 86' lang='lat' dir='ltr'>volitent,</span> <span class='ocrx_word' id='word_1_40' title='bbox 392 588 488 634; x_wconf 85' lang='lat' dir='ltr'>aeterno</span> <span class='ocrx_word' id='word_1_41' title='bbox 500 585 601 651; x_wconf 81' lang='lat' dir='ltr'>percite</span> <span class='ocrx_word' id='word_1_42' title='bbox 613 592 704 648; x_wconf 90' lang='lat' dir='ltr'>motu;</span> 
     </span>
    </p>

    <p class='ocr_par' dir='ltr' id='par_1_8' title="bbox 89 647 782 720">
     <span class='ocr_line' id='line_1_8' title="bbox 89 647 782 720; baseline 0.012 -22"><span class='ocrx_word' id='word_1_43' title='bbox 89 647 199 714; x_wconf 79' lang='lat' dir='ltr'>Quoque</span> <span class='ocrx_word' id='word_1_44' title='bbox 210 649 286 700; x_wconf 89' lang='lat' dir='ltr'>modo</span> <span class='ocrx_word' id='word_1_45' title='bbox 299 651 399 716; x_wconf 84' lang='lat' dir='ltr'>possint</span> <span class='ocrx_word' id='word_1_46' title='bbox 410 669 451 703; x_wconf 90' lang='lat' dir='ltr'>rcs</span> <span class='ocrx_word' id='word_1_47' title='bbox 463 669 497 702; x_wconf 88' lang='lat' dir='ltr'>ex</span> <span class='ocrx_word' id='word_1_48' title='bbox 509 653 550 704; x_wconf 90' lang='lat' dir='ltr'>his</span> <span class='ocrx_word' id='word_1_49' title='bbox 563 669 672 720; x_wconf 85' lang='lat' dir='ltr'>quaeque</span> <span class='ocrx_word' id='word_1_50' title='bbox 684 655 782 707; x_wconf 77' lang='lat' dir='ltr'>creari:</span> 
     </span>
    </p>

    <p class='ocr_par' dir='ltr' id='par_1_9' title="bbox 30 715 932 857">
     <span class='ocr_line' id='line_1_9' title="bbox 88 715 932 790; baseline 0.012 -23"><span class='ocrx_word' id='word_1_51' title='bbox 88 715 177 783; x_wconf 82' lang='lat' dir='ltr'>Atque</span> <span class='ocrx_word' id='word_1_52' title='bbox 188 716 271 769; x_wconf 86' lang='lat' dir='ltr'>enimi</span> <span class='ocrx_word' id='word_1_53' title='bbox 283 719 407 786; x_wconf 80' lang='lat' dir='ltr'>quoniam</span> <span class='ocrx_word' id='word_1_54' title='bbox 419 720 497 773; x_wconf 90' lang='lat' dir='ltr'>docui</span> <span class='ocrx_word' id='word_1_55' title='bbox 508 728 605 774; x_wconf 82' lang='lat' dir='ltr'>nature</span> <span class='ocrx_word' id='word_1_56' title='bbox 617 722 682 789; x_wconf 91' lang='lat' dir='ltr'>quid</span> <span class='ocrx_word' id='word_1_57' title='bbox 694 731 769 790; x_wconf 85' lang='lat' dir='ltr'>esset,</span> <span class='ocrx_word' id='word_1_58' title='bbox 900 727 932 777; x_wconf 82' lang='lat'>30</span> 
     </span>
     <span class='ocr_line' id='line_1_10' title="bbox 30 783 786 857; baseline 0.012 -23"><span class='ocrx_word' id='word_1_59' title='bbox 30 814 32 818; x_wconf 85' lang='lat'><em>.</em></span> <span class='ocrx_word' id='word_1_60' title='bbox 88 783 125 836; x_wconf 84' lang='lat' dir='ltr'>Et</span> <span class='ocrx_word' id='word_1_61' title='bbox 137 785 232 852; x_wconf 88' lang='lat' dir='ltr'>quibus</span> <span class='ocrx_word' id='word_1_62' title='bbox 244 802 259 838; x_wconf 94' lang='lat' dir='ltr'>e</span> <span class='ocrx_word' id='word_1_63' title='bbox 270 786 348 838; x_wconf 85' lang='lat' dir='ltr'>rebus</span> <span class='ocrx_word' id='word_1_64' title='bbox 360 805 421 839; x_wconf 90' lang='lat' dir='ltr'>cum</span> <span class='ocrx_word' id='word_1_65' title='bbox 433 806 539 856; x_wconf 90' lang='lat' dir='ltr'>corpore</span> <span class='ocrx_word' id='word_1_66' title='bbox 551 797 657 857; x_wconf 86' lang='lat' dir='ltr'>compte</span> <span class='ocrx_word' id='word_1_67' title='bbox 668 791 786 856; x_wconf 80' lang='lat' dir='ltr'>vigeret3</span> 
     </span>
    </p>

    <p class='ocr_par' dir='ltr' id='par_1_10' title="bbox 89 852 751 927">
     <span class='ocr_line' id='line_1_11' title="bbox 89 852 751 927; baseline 0.009 -23"><span class='ocrx_word' id='word_1_68' title='bbox 89 852 179 917; x_wconf 80' lang='lat' dir='ltr'>Quove</span> <span class='ocrx_word' id='word_1_69' title='bbox 190 855 266 908; x_wconf 88' lang='lat' dir='ltr'>modo</span> <span class='ocrx_word' id='word_1_70' title='bbox 278 855 405 909; x_wconf 77' lang='lat' dir='ltr'>distracta</span> <span class='ocrx_word' id='word_1_71' title='bbox 416 858 514 910; x_wconf 85' lang='lat' dir='ltr'>rediret</span> <span class='ocrx_word' id='word_1_72' title='bbox 526 859 554 910; x_wconf 92' lang='lat' dir='ltr'>in</span> <span class='ocrx_word' id='word_1_73' title='bbox 567 859 640 910; x_wconf 79' lang='lat' dir='ltr'>ordis</span> <span class='ocrx_word' id='word_1_74' title='bbox 652 859 751 927; x_wconf 82' lang='lat' dir='ltr'>prime:</span> 
     </span>
    </p>
   </div>
   <div class='ocr_carea' id='block_1_3' title="bbox 406 977 616 1030">
    <p class='ocr_par' dir='ltr' id='par_1_11' title="bbox 406 977 616 1030">
     <span class='ocr_line' id='line_1_12' title="bbox 406 977 616 1030; baseline 0 -1"><span class='ocrx_word' id='word_1_75' title='bbox 406 977 446 1030; x_wconf 88' lang='lat' dir='ltr'>De</span> <span class='ocrx_word' id='word_1_76' title='bbox 457 977 616 1030; x_wconf 74' lang='lat' dir='ltr'>simulacris.</span> 
     </span>
    </p>
   </div>
   <div class='ocr_carea' id='block_1_4' title="bbox 87 1058 931 2229">
    <p class='ocr_par' dir='ltr' id='par_1_12' title="bbox 87 1058 931 1953">
     <span class='ocr_line' id='line_1_13' title="bbox 87 1058 886 1129; baseline 0.001 -18"><span class='ocrx_word' id='word_1_77' title='bbox 87 1059 167 1112; x_wconf 81' lang='lat' dir='ltr'>Nunc</span> <span class='ocrx_word' id='word_1_78' title='bbox 179 1078 255 1129; x_wconf 82' lang='lat' dir='ltr'>egere</span> <span class='ocrx_word' id='word_1_79' title='bbox 267 1061 392 1129; x_wconf 82' lang='lat' dir='ltr'>incipiam</span> <span class='ocrx_word' id='word_1_80' title='bbox 404 1060 460 1127; x_wconf 92' lang='lat' dir='ltr'>tibi,</span> <span class='ocrx_word' id='word_1_81' title='bbox 473 1060 542 1128; x_wconf 88' lang='lat' dir='ltr'>quod</span> <span class='ocrx_word' id='word_1_82' title='bbox 554 1061 722 1112; x_wconf 87' lang='lat' dir='ltr'>vehementer</span> <span class='ocrx_word' id='word_1_83' title='bbox 734 1059 770 1110; x_wconf 84' lang='lat' dir='ltr'>ed</span> <span class='ocrx_word' id='word_1_84' title='bbox 781 1058 830 1112; x_wconf 85' lang='lat' dir='ltr'>hes</span> <span class='ocrx_word' id='word_1_85' title='bbox 843 1076 886 1112; x_wconf 89' lang='lat' dir='ltr'>res</span> 
     </span>
     <span class='ocr_line' id='line_1_14' title="bbox 88 1128 789 1197; baseline -0.001 -15"><span class='ocrx_word' id='word_1_86' title='bbox 88 1128 201 1197; x_wconf 85' lang='lat' dir='ltr'>Attinet,</span> <span class='ocrx_word' id='word_1_87' title='bbox 211 1147 268 1182; x_wconf 86' lang='lat' dir='ltr'>esse</span> <span class='ocrx_word' id='word_1_88' title='bbox 280 1147 318 1197; x_wconf 84' lang='lat' dir='ltr'>ee,</span> <span class='ocrx_word' id='word_1_89' title='bbox 331 1146 388 1197; x_wconf 82' lang='lat' dir='ltr'>quae</span> <span class='ocrx_word' id='word_1_90' title='bbox 399 1146 488 1180; x_wconf 88' lang='lat' dir='ltr'>rerum</span> <span class='ocrx_word' id='word_1_91' title='bbox 500 1129 639 1180; x_wconf 82' lang='lat' dir='ltr'>simulacre</span> <span class='ocrx_word' id='word_1_92' title='bbox 651 1145 789 1181; x_wconf 83' lang='lat' dir='ltr'>vocemus:</span> 
     </span>
     <span class='ocr_line' id='line_1_15' title="bbox 89 1197 794 1267; baseline -0.003 -16"><span class='ocrx_word' id='word_1_93' title='bbox 89 1197 162 1265; x_wconf 80' lang='lat' dir='ltr'>Quae,</span> <span class='ocrx_word' id='word_1_94' title='bbox 175 1200 250 1267; x_wconf 81' lang='lat' dir='ltr'>qussi</span> <span class='ocrx_word' id='word_1_95' title='bbox 261 1198 418 1250; x_wconf 83' lang='lat' dir='ltr'>membrenae</span> <span class='ocrx_word' id='word_1_96' title='bbox 430 1215 531 1251; x_wconf 88' lang='lat' dir='ltr'>summo</span> <span class='ocrx_word' id='word_1_97' title='bbox 543 1198 576 1249; x_wconf 87' lang='lat' dir='ltr'>de</span> <span class='ocrx_word' id='word_1_98' title='bbox 588 1214 693 1264; x_wconf 82' lang='lat' dir='ltr'>corpore</span> <span class='ocrx_word' id='word_1_99' title='bbox 704 1213 794 1249; x_wconf 83' lang='lat' dir='ltr'>rerum</span> 
     </span>
     <span class='ocr_line' id='line_1_16' title="bbox 88 1265 709 1337; baseline -0.003 -17"><span class='ocrx_word' id='word_1_100' title='bbox 88 1265 212 1337; x_wconf 82' lang='lat' dir='ltr'>Direptee,</span> <span class='ocrx_word' id='word_1_101' title='bbox 225 1268 337 1320; x_wconf 81' lang='lat' dir='ltr'>volitent</span> <span class='ocrx_word' id='word_1_102' title='bbox 349 1267 419 1319; x_wconf 87' lang='lat' dir='ltr'>ultro</span> <span class='ocrx_word' id='word_1_103' title='bbox 431 1268 547 1334; x_wconf 90' lang='lat' dir='ltr'>citroque</span> <span class='ocrx_word' id='word_1_104' title='bbox 559 1283 607 1334; x_wconf 85' lang='lat' dir='ltr'>per</span> <span class='ocrx_word' id='word_1_105' title='bbox 618 1282 709 1319; x_wconf 81' lang='lat' dir='ltr'>eures:</span> 
     </span>
     <span class='ocr_line' id='line_1_17' title="bbox 88 1334 749 1403; baseline -0.003 -15"><span class='ocrx_word' id='word_1_106' title='bbox 88 1334 176 1403; x_wconf 77' lang='lat' dir='ltr'>Atque</span> <span class='ocrx_word' id='word_1_107' title='bbox 188 1337 278 1389; x_wconf 84' lang='lat' dir='ltr'>eedem</span> <span class='ocrx_word' id='word_1_108' title='bbox 290 1336 365 1388; x_wconf 91' lang='lat' dir='ltr'>nobis</span> <span class='ocrx_word' id='word_1_109' title='bbox 378 1335 550 1403; x_wconf 72' lang='lat' dir='ltr'>vigilantibus</span> <span class='ocrx_word' id='word_1_110' title='bbox 561 1335 638 1387; x_wconf 84' lang='lat' dir='ltr'>obvie</span> <span class='ocrx_word' id='word_1_111' title='bbox 646 1339 749 1387; x_wconf 81' lang='lat' dir='ltr'>mentes</span> 
     </span>
     <span class='ocr_line' id='line_1_18' title="bbox 88 1403 783 1473; baseline 0.003 -18"><span class='ocrx_word' id='word_1_112' title='bbox 88 1403 249 1472; x_wconf 70' lang='lat' dir='ltr'>Terrificent,</span> <span class='ocrx_word' id='word_1_113' title='bbox 262 1413 342 1473; x_wconf 82' lang='lat' dir='ltr'>atque</span> <span class='ocrx_word' id='word_1_114' title='bbox 354 1406 383 1456; x_wconf 92' lang='lat' dir='ltr'>in</span> <span class='ocrx_word' id='word_1_115' title='bbox 395 1405 499 1470; x_wconf 90' lang='lat' dir='ltr'>somnis,</span> <span class='ocrx_word' id='word_1_116' title='bbox 511 1421 593 1472; x_wconf 90' lang='lat' dir='ltr'>quum</span> <span class='ocrx_word' id='word_1_117' title='bbox 604 1420 672 1472; x_wconf 78' lang='lat' dir='ltr'>serpe</span> <span class='ocrx_word' id='word_1_118' title='bbox 684 1404 783 1471; x_wconf 78' lang='lat' dir='ltr'>figures</span> 
     </span>
     <span class='ocr_line' id='line_1_19' title="bbox 89 1472 780 1542; baseline 0.001 -19"><span class='ocrx_word' id='word_1_119' title='bbox 89 1472 243 1525; x_wconf 80' lang='lat' dir='ltr'>(lentuimur</span> <span class='ocrx_word' id='word_1_120' title='bbox 254 1475 340 1541; x_wconf 80' lang='lat' dir='ltr'>miras,</span> <span class='ocrx_word' id='word_1_121' title='bbox 353 1474 544 1542; x_wconf 75' lang='lat' dir='ltr'>simulacroque</span> <span class='ocrx_word' id='word_1_122' title='bbox 554 1472 614 1525; x_wconf 88' lang='lat' dir='ltr'>luce</span> <span class='ocrx_word' id='word_1_123' title='bbox 626 1478 780 1536; x_wconf 70' lang='lat' dir='ltr'>carentum</span> 
     </span>
     <span class='ocr_line' id='line_1_20' title="bbox 89 1541 931 1609; baseline 0 -17"><span class='ocrx_word' id='word_1_124' title='bbox 89 1541 153 1604; x_wconf 80' lang='lat' dir='ltr'>Quae</span> <span class='ocrx_word' id='word_1_125' title='bbox 165 1559 212 1594; x_wconf 89' lang='lat' dir='ltr'>nos</span> <span class='ocrx_word' id='word_1_126' title='bbox 224 1543 342 1595; x_wconf 89' lang='lat' dir='ltr'>horrifice</span> <span class='ocrx_word' id='word_1_127' title='bbox 354 1543 510 1609; x_wconf 74' lang='lat' dir='ltr'>languentes</span> <span class='ocrx_word' id='word_1_128' title='bbox 522 1559 591 1609; x_wconf 85' lang='lat' dir='ltr'>saepe</span> <span class='ocrx_word' id='word_1_129' title='bbox 603 1557 692 1609; x_wconf 87' lang='lat' dir='ltr'>sopore</span> <span class='ocrx_word' id='word_1_130' title='bbox 896 1543 931 1594; x_wconf 79' lang='lat' dir='ltr'>to</span> 
     </span>
     <span class='ocr_line' id='line_1_21' title="bbox 88 1609 769 1664; baseline 0.003 -4"><span class='ocrx_word' id='word_1_131' title='bbox 88 1609 246 1663; x_wconf 79' lang='lat' dir='ltr'>Excierunt:</span> <span class='ocrx_word' id='word_1_132' title='bbox 265 1629 298 1663; x_wconf 90' lang='lat' dir='ltr'>ne</span> <span class='ocrx_word' id='word_1_133' title='bbox 309 1612 376 1664; x_wconf 87' lang='lat' dir='ltr'>forte</span> <span class='ocrx_word' id='word_1_134' title='bbox 388 1612 489 1664; x_wconf 81' lang='lat' dir='ltr'>enimes</span> <span class='ocrx_word' id='word_1_135' title='bbox 502 1611 652 1662; x_wconf 82' lang='lat' dir='ltr'>Acherunte</span> <span class='ocrx_word' id='word_1_136' title='bbox 663 1626 769 1663; x_wconf 78' lang='lat' dir='ltr'>reamur</span> 
     </span>
     <span class='ocr_line' id='line_1_22' title="bbox 88 1677 696 1746; baseline 0.003 -18"><span class='ocrx_word' id='word_1_137' title='bbox 88 1677 216 1746; x_wconf 81' lang='lat' dir='ltr'>Effugere,</span> <span class='ocrx_word' id='word_1_138' title='bbox 229 1687 277 1731; x_wconf 82' lang='lat' dir='ltr'>eut</span> <span class='ocrx_word' id='word_1_139' title='bbox 289 1680 393 1733; x_wconf 79' lang='lat' dir='ltr'>umbras</span> <span class='ocrx_word' id='word_1_140' title='bbox 405 1680 559 1732; x_wconf 81' lang='lat' dir='ltr'>interrivos</span> <span class='ocrx_word' id='word_1_141' title='bbox 571 1679 696 1732; x_wconf 74' lang='lat' dir='ltr'>volitare:</span> 
     </span>
     <span class='ocr_line' id='line_1_23' title="bbox 88 1745 782 1816; baseline 0 -17"><span class='ocrx_word' id='word_1_142' title='bbox 88 1745 160 1800; x_wconf 87' lang='lat' dir='ltr'>Neve</span> <span class='ocrx_word' id='word_1_143' title='bbox 172 1748 273 1816; x_wconf 80' lang='lat' dir='ltr'>aliquid</span> <span class='ocrx_word' id='word_1_144' title='bbox 285 1749 368 1800; x_wconf 88' lang='lat' dir='ltr'>nostri</span> <span class='ocrx_word' id='word_1_145' title='bbox 379 1755 438 1816; x_wconf 90' lang='lat' dir='ltr'>post</span> <span class='ocrx_word' id='word_1_146' title='bbox 450 1753 561 1800; x_wconf 89' lang='lat' dir='ltr'>mortem</span> <span class='ocrx_word' id='word_1_147' title='bbox 574 1764 647 1815; x_wconf 88' lang='lat' dir='ltr'>posse</span> <span class='ocrx_word' id='word_1_148' title='bbox 659 1746 782 1814; x_wconf 87' lang='lat' dir='ltr'>relinqui,</span> 
     </span>
     <span class='ocr_line' id='line_1_24' title="bbox 89 1814 832 1886; baseline 0.003 -20"><span class='ocrx_word' id='word_1_149' title='bbox 89 1814 177 1878; x_wconf 86' lang='lat' dir='ltr'>Quum</span> <span class='ocrx_word' id='word_1_150' title='bbox 189 1834 282 1886; x_wconf 90' lang='lat' dir='ltr'>corpus</span> <span class='ocrx_word' id='word_1_151' title='bbox 294 1818 379 1883; x_wconf 90' lang='lat' dir='ltr'>simul,</span> <span class='ocrx_word' id='word_1_152' title='bbox 391 1822 471 1884; x_wconf 84' lang='lat' dir='ltr'>etque</span> <span class='ocrx_word' id='word_1_153' title='bbox 484 1817 566 1869; x_wconf 78' lang='lat' dir='ltr'>enimi</span> <span class='ocrx_word' id='word_1_154' title='bbox 578 1822 674 1868; x_wconf 81' lang='lat' dir='ltr'>nature</span> <span class='ocrx_word' id='word_1_155' title='bbox 686 1822 832 1884; x_wconf 77' lang='lat' dir='ltr'>perempte,</span> 
     </span>
     <span class='ocr_line' id='line_1_25' title="bbox 88 1883 754 1953; baseline 0.003 -18"><span class='ocrx_word' id='word_1_156' title='bbox 88 1883 122 1935; x_wconf 89' lang='lat' dir='ltr'>ln</span> <span class='ocrx_word' id='word_1_157' title='bbox 134 1902 181 1937; x_wconf 82' lang='lat' dir='ltr'>sus</span> <span class='ocrx_word' id='word_1_158' title='bbox 193 1886 334 1938; x_wconf 86' lang='lat' dir='ltr'>discessum</span> <span class='ocrx_word' id='word_1_159' title='bbox 346 1886 467 1938; x_wconf 84' lang='lat' dir='ltr'>dederint</span> <span class='ocrx_word' id='word_1_160' title='bbox 478 1885 621 1953; x_wconf 80' lang='lat' dir='ltr'>primordie</span> <span class='ocrx_word' id='word_1_161' title='bbox 633 1901 754 1952; x_wconf 80' lang='lat' dir='ltr'>quaeque.</span> 
     </span>
    </p>

    <p class='ocr_par' dir='ltr' id='par_1_13' title="bbox 88 1953 837 2229">
     <span class='ocr_line' id='line_1_26' title="bbox 122 1953 764 2022; baseline 0.002 -18"><span class='ocrx_word' id='word_1_162' title='bbox 122 1953 187 2006; x_wconf 89' lang='lat' dir='ltr'>Dico</span> <span class='ocrx_word' id='word_1_163' title='bbox 199 1954 288 2021; x_wconf 81' lang='lat' dir='ltr'>igitur,</span> <span class='ocrx_word' id='word_1_164' title='bbox 300 1973 387 2007; x_wconf 90' lang='lat' dir='ltr'>rerum</span> <span class='ocrx_word' id='word_1_165' title='bbox 399 1955 497 2022; x_wconf 81' lang='lat' dir='ltr'>effigies</span> <span class='ocrx_word' id='word_1_166' title='bbox 509 1961 653 2022; x_wconf 87' lang='lat' dir='ltr'>tenuesque</span> <span class='ocrx_word' id='word_1_167' title='bbox 664 1953 764 2020; x_wconf 81' lang='lat' dir='ltr'>figures</span> 
     </span>
     <span class='ocr_line' id='line_1_27' title="bbox 88 2021 717 2091; baseline 0.002 -19"><span class='ocrx_word' id='word_1_168' title='bbox 88 2021 190 2075; x_wconf 86' lang='lat' dir='ltr'>Mittier</span> <span class='ocrx_word' id='word_1_169' title='bbox 202 2023 235 2075; x_wconf 84' lang='lat' dir='ltr'>eb</span> <span class='ocrx_word' id='word_1_170' title='bbox 246 2023 330 2087; x_wconf 90' lang='lat' dir='ltr'>rebus,</span> <span class='ocrx_word' id='word_1_171' title='bbox 343 2041 444 2077; x_wconf 89' lang='lat' dir='ltr'>summo</span> <span class='ocrx_word' id='word_1_172' title='bbox 456 2025 489 2075; x_wconf 92' lang='lat' dir='ltr'>de</span> <span class='ocrx_word' id='word_1_173' title='bbox 501 2040 606 2091; x_wconf 90' lang='lat' dir='ltr'>corpore</span> <span class='ocrx_word' id='word_1_174' title='bbox 618 2039 717 2085; x_wconf 80' lang='lat' dir='ltr'>esrum,</span> 
     </span>
     <span class='ocr_line' id='line_1_28' title="bbox 88 2089 820 2159; baseline 0.003 -17"><span class='ocrx_word' id='word_1_175' title='bbox 88 2091 151 2154; x_wconf 78' lang='lat' dir='ltr'>Quae</span> <span class='ocrx_word' id='word_1_176' title='bbox 164 2092 239 2159; x_wconf 82' lang='lat' dir='ltr'>qussi</span> <span class='ocrx_word' id='word_1_177' title='bbox 250 2091 408 2144; x_wconf 78' lang='lat' dir='ltr'>membrenae</span> <span class='ocrx_word' id='word_1_178' title='bbox 420 2092 462 2144; x_wconf 85' lang='lat' dir='ltr'>vel</span> <span class='ocrx_word' id='word_1_179' title='bbox 475 2098 565 2144; x_wconf 82' lang='lat' dir='ltr'>cortex</span> <span class='ocrx_word' id='word_1_180' title='bbox 576 2089 760 2143; x_wconf 82' lang='lat' dir='ltr'>nominitendc</span> <span class='ocrx_word' id='word_1_181' title='bbox 771 2096 820 2158; x_wconf 86' lang='lat' dir='ltr'>est,</span> 
     </span>
     <span class='ocr_line' id='line_1_29' title="bbox 88 2159 837 2229; baseline 0.003 -18"><span class='ocrx_word' id='word_1_182' title='bbox 88 2159 165 2220; x_wconf 84' lang='lat' dir='ltr'>Quod</span> <span class='ocrx_word' id='word_1_183' title='bbox 177 2161 289 2229; x_wconf 88' lang='lat' dir='ltr'>speciem</span> <span class='ocrx_word' id='word_1_184' title='bbox 300 2179 331 2213; x_wconf 81' lang='lat' dir='ltr'>nc</span> <span class='ocrx_word' id='word_1_185' title='bbox 343 2162 454 2213; x_wconf 81' lang='lat' dir='ltr'>formem</span> <span class='ocrx_word' id='word_1_186' title='bbox 466 2161 578 2213; x_wconf 88' lang='lat' dir='ltr'>similem</span> <span class='ocrx_word' id='word_1_187' title='bbox 590 2161 659 2227; x_wconf 82' lang='lat' dir='ltr'>gerit</span> <span class='ocrx_word' id='word_1_188' title='bbox 671 2161 694 2226; x_wconf 89' lang='lat' dir='ltr'>ej</span> <span class='ocrx_word' id='word_1_189' title='bbox 698 2176 727 2212; x_wconf 92' lang='lat' dir='ltr'>us</span> <span class='ocrx_word' id='word_1_190' title='bbox 737 2159 837 2228; x_wconf 74' lang='lat' dir='ltr'>imago,</span> 
     </span>
    </p>
   </div>
   <div class='ocr_carea' id='block_1_5' title="bbox 88 2228 929 2367">
    <p class='ocr_par' dir='ltr' id='par_1_14' title="bbox 88 2228 929 2367">
     <span class='ocr_line' id='line_1_30' title="bbox 88 2228 929 2349; baseline 0.004 -68"><span class='ocrx_word' id='word_1_191' title='bbox 88 2228 362 2349; x_wconf 63' lang='lat' dir='ltr'>qu‘uscumquecluet</span> <span class='ocrx_word' id='word_1_192' title='bbox 374 2230 407 2281; x_wconf 89' lang='lat' dir='ltr'>de</span> <span class='ocrx_word' id='word_1_193' title='bbox 420 2230 597 2298; x_wconf 79' lang='lat' dir='ltr'>corporefuse</span> <span class='ocrx_word' id='word_1_194' title='bbox 608 2229 706 2296; x_wconf 76' lang='lat' dir='ltr'>vagari.</span> <span class='ocrx_word' id='word_1_195' title='bbox 897 2232 929 2284; x_wconf 72' lang='lat'>50</span> 
     </span>
     <span class='ocr_line' id='line_1_31' title="bbox 137 2296 803 2367; baseline 0.002 -17"><span class='ocrx_word' id='word_1_196' title='bbox 137 2298 154 2349; x_wconf 88' lang='lat' dir='ltr'>d</span> <span class='ocrx_word' id='word_1_197' title='bbox 166 2300 229 2351; x_wconf 87' lang='lat' dir='ltr'>licet</span> <span class='ocrx_word' id='word_1_198' title='bbox 241 2299 303 2350; x_wconf 89' lang='lat' dir='ltr'>hinc</span> <span class='ocrx_word' id='word_1_199' title='bbox 315 2298 433 2367; x_wconf 83' lang='lat' dir='ltr'>quemvis</span> <span class='ocrx_word' id='word_1_200' title='bbox 445 2298 534 2351; x_wconf 88' lang='lat' dir='ltr'>hebeti</span> <span class='ocrx_word' id='word_1_201' title='bbox 545 2313 698 2365; x_wconf 81' lang='lat' dir='ltr'>cognoscere</span> <span class='ocrx_word' id='word_1_202' title='bbox 710 2296 803 2351; x_wconf 86' lang='lat' dir='ltr'>corde:</span> 
     </span>
    </p>
   </div>
   <div class='ocr_carea' id='block_1_6' title="bbox 82 2365 784 2713">
    <p class='ocr_par' dir='ltr' id='par_1_15' title="bbox 82 2365 784 2713">
     <span class='ocr_line' id='line_1_32' title="bbox 87 2365 729 2436; baseline 0.002 -19"><span class='ocrx_word' id='word_1_203' title='bbox 87 2366 228 2436; x_wconf 88' lang='lat' dir='ltr'>Principio,</span> <span class='ocrx_word' id='word_1_204' title='bbox 240 2369 365 2436; x_wconf 85' lang='lat' dir='ltr'>quonism</span> <span class='ocrx_word' id='word_1_205' title='bbox 375 2368 489 2419; x_wconf 91' lang='lat' dir='ltr'>mittunt</span> <span class='ocrx_word' id='word_1_206' title='bbox 500 2367 530 2418; x_wconf 91' lang='lat' dir='ltr'>in</span> <span class='ocrx_word' id='word_1_207' title='bbox 540 2367 618 2419; x_wconf 88' lang='lat' dir='ltr'>rebus</span> <span class='ocrx_word' id='word_1_208' title='bbox 630 2365 729 2434; x_wconf 82' lang='lat' dir='ltr'>apertis</span> 
     </span>
     <span class='ocr_line' id='line_1_33' title="bbox 87 2435 691 2504; baseline -0.002 -17"><span class='ocrx_word' id='word_1_209' title='bbox 87 2435 198 2503; x_wconf 78' lang='lat' dir='ltr'>Corpore</span> <span class='ocrx_word' id='word_1_210' title='bbox 210 2454 250 2488; x_wconf 92' lang='lat' dir='ltr'>res</span> <span class='ocrx_word' id='word_1_211' title='bbox 262 2437 361 2503; x_wconf 77' lang='lat' dir='ltr'>multe,</span> <span class='ocrx_word' id='word_1_212' title='bbox 374 2437 472 2504; x_wconf 76' lang='lat' dir='ltr'>purtim</span> <span class='ocrx_word' id='word_1_213' title='bbox 483 2435 579 2487; x_wconf 79' lang='lat' dir='ltr'>diffusa</span> <span class='ocrx_word' id='word_1_214' title='bbox 592 2436 691 2501; x_wconf 85' lang='lat' dir='ltr'>solutae,</span> 
     </span>
     <span class='ocr_line' id='line_1_34' title="bbox 86 2502 784 2571; baseline 0.003 -16"><span class='ocrx_word' id='word_1_215' title='bbox 86 2502 188 2557; x_wconf 81' lang='lat' dir='ltr'>Robore</span> <span class='ocrx_word' id='word_1_216' title='bbox 200 2522 248 2558; x_wconf 91' lang='lat' dir='ltr'>ceu</span> <span class='ocrx_word' id='word_1_217' title='bbox 260 2506 363 2558; x_wconf 84' lang='lat' dir='ltr'>fumum</span> <span class='ocrx_word' id='word_1_218' title='bbox 374 2506 495 2571; x_wconf 84' lang='lat' dir='ltr'>mittunt,</span> <span class='ocrx_word' id='word_1_219' title='bbox 507 2506 634 2571; x_wconf 83' lang='lat' dir='ltr'>ignesque</span> <span class='ocrx_word' id='word_1_220' title='bbox 646 2519 784 2570; x_wconf 78' lang='lat' dir='ltr'>vaporem:</span> 
     </span>
     <span class='ocr_line' id='line_1_35' title="bbox 86 2570 781 2640; baseline 0.003 -17"><span class='ocrx_word' id='word_1_221' title='bbox 86 2571 122 2623; x_wconf 80' lang='lat' dir='ltr'>Ilt</span> <span class='ocrx_word' id='word_1_222' title='bbox 134 2573 230 2639; x_wconf 73' lang='lat' dir='ltr'>partim</span> <span class='ocrx_word' id='word_1_223' title='bbox 243 2582 366 2628; x_wconf 79' lang='lat' dir='ltr'>contexte</span> <span class='ocrx_word' id='word_1_224' title='bbox 377 2573 461 2640; x_wconf 76' lang='lat' dir='ltr'>magis</span> <span class='ocrx_word' id='word_1_225' title='bbox 474 2573 662 2640; x_wconf 71' lang='lat' dir='ltr'>condensaque,</span> <span class='ocrx_word' id='word_1_226' title='bbox 675 2577 705 2623; x_wconf 88' lang='lat' dir='ltr'>ut</span> <span class='ocrx_word' id='word_1_227' title='bbox 718 2570 781 2625; x_wconf 88' lang='lat' dir='ltr'>olim</span> 
     </span>
     <span class='ocr_line' id='line_1_36' title="bbox 82 2639 746 2713; baseline 0.003 -22"><span class='ocrx_word' id='word_1_228' title='bbox 82 2639 171 2704; x_wconf 80' lang='lat' dir='ltr'>Ouum</span> <span class='ocrx_word' id='word_1_229' title='bbox 186 2646 286 2695; x_wconf 74' lang='lat' dir='ltr'>veteres</span> <span class='ocrx_word' id='word_1_230' title='bbox 297 2649 401 2713; x_wconf 90' lang='lat' dir='ltr'>ponunt</span> <span class='ocrx_word' id='word_1_231' title='bbox 413 2642 517 2696; x_wconf 73' lang='lat' dir='ltr'>tunicas</span> <span class='ocrx_word' id='word_1_232' title='bbox 530 2647 621 2695; x_wconf 74' lang='lat' dir='ltr'>estete</span> <span class='ocrx_word' id='word_1_233' title='bbox 633 2640 746 2703; x_wconf 76' lang='lat' dir='ltr'>cicsdae3</span> 
     </span>
    </p>
   </div>
   <div class='ocr_carea' id='block_1_7' title="bbox 0 0 968 2964">
    <p class='ocr_par' dir='ltr' id='par_1_16' title="bbox 0 0 968 2964">
     <span class='ocr_line' id='line_1_37' title="bbox 0 0 968 2964; baseline 0 0"><span class='ocrx_word' id='word_1_234' title='bbox 0 0 968 2964; x_wconf 95' lang='lat' dir='ltr'> </span> 
     </span>
    </p>
   </div>
   <div class='ocr_carea' id='block_1_8' title="bbox 21 2878 118 2900">
    <p class='ocr_par' dir='ltr' id='par_1_17' title="bbox 21 2878 118 2900">
     <span class='ocr_line' id='line_1_38' title="bbox 21 2878 118 2900; baseline 0 0"><span class='ocrx_word' id='word_1_235' title='bbox 21 2878 118 2900; x_wconf 67' lang='lat'>.—</span> 
     </span>
    </p>
   </div>
  </div>
 </body>
</html>
