1928 2964
333 146 443 200 LIBER
459 147 616 203 ruamus
862 156 869 201 t

52 246 185 300 Motibus:
203 245 273 300 hanc
285 245 384 300 obrem
395 248 478 300 vitam
490 249 602 301 retinere
613 247 737 301 valemus.

86 316 174 383 Nunc,
187 333 218 370 ea
230 332 282 384 quo
294 323 371 385 pacto
383 317 453 368 inter
464 334 518 369 sese
530 318 622 383 mixta,
635 317 782 385 quibusque

53 385 165 453 Gompta
176 385 261 437 modis
272 385 385 453 vigeant,
398 386 526 438 rationem
537 386 644 438 reddere
656 393 777 438 aventem
846 388 883 436 26·

53 453 193 507 Abstrahit
204 454 319 507 invitum
331 454 411 523 patrii
423 455 547 507 sermonis
560 461 667 521 egestas.

53 521 105 576 Sed
117 529 216 590 tamen,
228 530 261 575 ut
271 529 361 591 potero
373 524 525 575 summatim
537 525 675 592 attingere,
688 529 803 592 tangam.

245 631 400 701 Conjuaotio
411 633 501 685 animi
512 641 535 685 et
546 632 711 684 animorum.

91 727 167 779 Inter
179 725 248 779 enim
262 732 368 778 cursant
380 727 521 795 primordia
533 726 722 794 principiorum

56 795 179 848 Motibus
190 795 259 847 inter
270 812 304 861 se,
317 795 384 846 nihil
397 802 428 847 ut
440 796 567 848 secernier
579 812 662 847 unum

57 864 151 931 Possit,
163 880 212 916 nec
224 864 309 932 spatio
320 864 377 915 fieri
389 864 473 916 divisa
485 869 616 932 potestas:

58 933 109 986 Sed
121 932 301 1001 quasimultae
313 933 352 984 vis
364 933 443 984 unius
456 933 568 1001 corporis
581 938 693 985 exstant.
734 929 736 933 ’

58 1001 133 1066 Quod
146 1018 229 1069 genus
240 1001 269 1053 in
281 1002 371 1068 quovis
383 1002 548 1054 animantum
560 1001 641 1054 visere
650 1002 732 1069 ,vulgo

58 1071 107 1123 Est
119 1070 183 1123 odor
195 1076 222 1122 et
233 1071 340 1139 quidam
353 1071 422 1123 calor
434 1078 461 1122 et
473 1088 561 1138 sapor:
580 1077 607 1122 et
619 1078 707 1123 tamen
719 1088 753 1122 ex
764 1070 806 1122 his

60 1138 189 1192 Omnibus
201 1146 240 1193 est
253 1157 335 1191 unum
347 1141 492 1208 perfectum
505 1140 616 1208 eorporis
628 1157 748 1207 augmen.

59 1209 103 1261 Sic
115 1207 187 1260 calor
198 1215 276 1276 atque
289 1211 334 1261 aer
345 1215 372 1260 et
384 1208 457 1261 venti
470 1226 538 1261 coeca
549 1214 664 1277 potestas
853 1210 904 1260 270

58 1278 151 1330 Mixta
163 1284 253 1329 creent
264 1295 345 1329 unam
356 1283 486 1345 naturam,
499 1283 526 1329 et
537 1277 640 1329 mobilis
652 1277 699 1330 illa

59 1347 116 1413 Vis,
129 1346 227 1397 initum
239 1353 325 1398 motus
337 1347 370 1398 ab
382 1365 408 1398 se
421 1364 478 1414 quae
491 1347 586 1398 dividit
597 1347 657 1412 illis,
674 1376 679 1387 ,

59 1415 178 1469 Semifer
188 1415 259 1466 unde
271 1416 353 1467 oritur
364 1417 478 1484 primum
490 1433 536 1483 per
548 1416 646 1468 viscera
657 1421 749 1467 motus.

60 1485 132 1538 Nam
144 1484 250 1552 penitus
262 1501 378 1552 prorsum
390 1485 456 1537 latet
468 1485 524 1536 haec
537 1490 639 1552 natura,
652 1485 805 1551 subestque:

61 1555 118 1607 Nec
130 1553 216 1620 magis
227 1554 277 1605 hac
290 1554 359 1606 infra
374 1554 516 1622 quidquam
529 1560 567 1605 est
579 1554 608 1604 in
620 1571 724 1621 corpore
736 1559 837 1605 nostro:

62 1624 153 1691 Atque
164 1622 253 1675 anima
265 1628 305 1674 est
317 1623 410 1674 animae
423 1640 545 1691 proporro
558 1623 640 1675 totius
651 1623 722 1690 ipsa:

64 1691 140 1756 Quod
153 1708 235 1759 genus
247 1693 276 1743 in
288 1693 382 1743 nostris
394 1692 516 1744 membris
529 1698 555 1743 et
568 1709 673 1760 corpore
685 1697 741 1743 toto

64 1761 155 1814 Mixta
166 1756 251 1812 latens
263 1761 345 1812 animi
357 1762 396 1812 vis
408 1769 447 1812 est
459 1762 605 1829 animaeque
617 1766 746 1828 potestas3

65 1828 222 1898 Corporibus
234 1829 296 1897 quia
308 1830 340 1881 de
352 1831 438 1898 parvis
451 1830 593 1898 paucisque
606 1836 693 1882 creata
705 1835 752 1883 est.

68 1898 109 1952 Sic
121 1898 171 1951 tibi
183 1899 296 1950 nominis
309 1899 364 1950 haec
376 1917 468 1966 expers
481 1899 520 1950 vis
532 1899 603 1950 facta
614 1898 724 1950 minutis
858 1900 909 1948 280

72 1967 222 2037 iorporibus
235 1967 313 2019 latet:
332 1974 411 2034 atque
423 1968 523 2019 animai
535 1969 616 2019 totius
628 1968 685 2034 ipsa

76 2037 195 2106 'roporro
207 2042 247 2088 cst
258 2036 353 2102 anima,
366 2043 393 2087 et
405 2037 555 2088 dominatur
567 2054 671 2104 corpore
684 2042 746 2088 tote.

81 2104 203 2158 'onsimili
215 2106 316 2158 ratione
329 2123 431 2157 necesse
444 2113 491 2171 est,
504 2112 598 2157 ventus
611 2111 638 2157 et
650 2107 696 2158 aer

85 2176 103 2227 't
115 2174 186 2227 calor
198 2175 266 2226 inter
281 2191 307 2225 se
320 2175 426 2240 vigeant
439 2175 581 2226 commixta
593 2192 639 2242 per
651 2180 730 2240 artus,

92 2251 157 2312 tque
168 2243 227 2295 aliis
240 2243 313 2295 aliud
326 2243 409 2294 subsit
420 2244 511 2309 magis,
524 2244 704 2311 eminentque:

95 2321 106 2365 t
118 2313 245 2381 quiddam
257 2312 314 2363 fieri
326 2312 447 2363 videatur
459 2313 491 2363 de
503 2313 623 2363 omnibus
635 2328 734 2363 unum:

99 2399 108 2434 s
120 2382 192 2434 calor
203 2398 234 2433 ac
246 2388 341 2434 ventus
354 2398 474 2446 seorsum,
488 2397 653 2448 seorsumque
665 2384 779 2446 potestas

103 2451 145 2503 'ris
157 2451 312 2502 interimant
324 2466 436 2516 sensum,
449 2450 608 2516 diductaque
620 2448 730 2500 solvant.
