1928 2964
74 160 110 209 84
387 152 416 205 Τ.
434 151 602 205 LUCRETII

72 257 141 322 Quid
154 256 188 309 sit
199 255 270 309 enim
282 273 374 324 eorpus
386 255 482 306 sentire
495 255 553 321 quis
565 255 656 306 afferet
667 271 797 322 unquam,

71 327 99 379 Si
111 344 163 378 non
175 327 233 393 ipsa
244 325 332 393 palam
344 325 415 392 quod
426 341 467 375 res
479 324 596 375 deditae
608 323 698 374 docuit
709 341 758 374 nos
768 324 778 375 i

71 397 115 460 At,
128 394 235 446 dimissa
246 395 342 458 anima,
355 410 449 461 corpus
461 399 533 444 earet
543 392 662 458 undique
674 409 754 442 sensu
766 411 772 444 :

73 464 164 515 Perdit
175 464 246 514 enirn
258 463 327 530 quod
339 479 392 513 non
404 461 538 529 proprium
551 461 604 512 fuit
616 462 672 526 ejus
683 462 717 511 in
725 478 800 514 aevo:

72 532 210 600 Multaque
222 537 348 599 praeteree
360 530 455 598 perdit,
467 547 548 598 quum
560 529 703 597 expellitur
715 545 779 582 teve.

205 638 282 692 Ooodi
292 657 348 691 non
359 638 448 691 vident
459 638 503 691 sed
513 639 622 690 animas
628 656 680 708 per·
691 638 784 691 oeulos.

105 734 198 785 Dicere
209 750 293 801 porro,
305 733 392 785 oculos
403 732 505 784 nullam
517 751 572 784 rem
584 750 688 785 cernere
735 751 783 800 sse,

72 803 122 855 Sed
134 820 181 871 per
192 820 235 854 eos
246 803 365 854 animum
376 808 408 853 ut
420 803 519 854 foribus
532 809 648 870 spectare
659 819 703 854 ree
714 803 777 870 usis,

71 871 184 924 Difficile
196 879 242 937 est,
256 878 347 923 eontra
360 888 442 938 quum
455 888 544 922 sensus
556 871 636 922 ducat
649 888 758 922 eorum:

71 941 167 993 Sensus
179 941 249 992 enim
261 940 351 1006 trahit,
364 946 443 1007 atque
455 940 523 991 ecies
535 939 654 991 detrudit
665 940 701 992 ad
712 939 800 1007 ipsas:

72 1009 185 1077 Fulgida
196 1009 340 1129 praesertim
352 1026 434 1077 quum
446 1026 550 1061 cernere
563 1026 631 1076 saepe
643 1008 791 1076 nequimus,

72 1079 185 1130 Lumina
207 1077 339 1129 uminibus
351 1078 413 1145 quia
424 1077 498 1129 nobis
510 1078 709 1146 praepediuntur
719 1096 727 1140 ;

72 1147 147 1212 Quod
158 1148 257 1200 foribus
269 1164 322 1198 non
334 1146 379 1199 fit:
397 1164 482 1214 neque
495 1148 572 1213 enim,
585 1163 636 1214 qua
648 1146 780 1198 cernimus
792 1146 845 1215 ipsi

72 1218 148 1270 Ostia
160 1217 306 1284 suscipiunt
319 1216 403 1267 ullum
414 1215 516 1267 reclusa
524 1215 646 1267 laborem.

71 1286 207 1352 Praeterea,
220 1286 242 1337 si
254 1284 410 1353 proforibus
423 1290 485 1335 sunt
496 1283 598 1335 lumina
610 1290 706 1350 nostra,

71 1354 91 1406 J
92 1373 135 1406 am
147 1354 238 1422 magis,
250 1354 380 1422 exemptis
392 1353 480 1420 oeulis,
493 1353 585 1405 debere
597 1353 702 1405 videtur

71 1423 180 1475 Cernere
191 1440 231 1475 res
244 1424 354 1488 animus,
366 1421 476 1474 sublatis
488 1421 606 1490 postibus
617 1422 688 1489 ipsis.

204 1530 299 1584 Contra
311 1531 489 1585 Democritum
501 1531 531 1584 do
542 1532 632 1584 animo
644 1541 668 1585 ot
679 1531 783 1584 animo.

107 1625 178 1677 Illud
189 1625 217 1676 in
229 1625 270 1677 his
282 1625 359 1678 rebus
371 1644 536 1695 nequaquam
550 1644 649 1678 sumere
661 1627 753 1694 possis,

71 1694 213 1747 Democriti
226 1695 295 1762 quod
308 1703 399 1748 sancta
412 1696 461 1746 viri
474 1697 604 1747 sententia
616 1696 698 1762 ponit,

72 1763 189 1830 Corporis
201 1769 279 1830 atque
292 1765 373 1816 animi
386 1765 527 1832 primordia
540 1764 651 1831 singula,
664 1764 756 1832 primis

72 1833 199 1900 Apposita
210 1832 319 1885 alternis
331 1834 431 1885 variare
440 1851 470 1885 ac
483 1840 586 1886 nectere
597 1833 720 1885 membra.

72 1901 140 1952 Nam
152 1919 234 1969 quum
246 1903 330 1954 multo
343 1909 405 1954 sunt
417 1903 515 1954 animai
529 1902 659 1954 elementa
670 1902 780 1968 minora,

73 1969 160 2030 Quam
173 1970 266 2036 quibus
279 1978 305 2022 et
318 1989 409 2038 corpus
422 1971 495 2023 nobis
507 1977 534 2023 et
546 1972 645 2039 viscera
657 1976 787 2036 constant,

72 2039 139 2090 Tum
151 2056 258 2090 numero
271 2057 371 2106 quoque
384 2041 536 2105 concedunt,
550 2047 577 2092 et
588 2058 647 2092 rara
659 2057 705 2106 per
717 2046 791 2092 artus

72 2108 170 2160 Dissita
183 2114 251 2174 sunt,
263 2108 403 2160 dumtaxat
416 2115 447 2160 ut
459 2109 508 2160 hoe
520 2110 671 2176 promittere
684 2109 774 2177 possis,

74 2178 211 2238 Quantula
222 2177 307 2245 prima
319 2183 417 2245 queant
429 2177 502 2229 nobis
515 2178 612 2245 injecta
624 2178 691 2229 ciere

172 2285 272 2356 Corpus
284 2303 338 2338 ooo
350 2287 443 2338 sentire
450 2304 502 2355 per
513 2305 537 2339 oe
548 2287 604 2340 aine
616 2287 709 2339 animo
720 2296 801 2341 motu.

73 2380 183 2448 Corpora
196 2381 330 2432 sensiferos
342 2385 428 2430 motus
441 2380 469 2430 in
482 2397 593 2448 corpore,
607 2385 683 2432 tanta

73 2449 216 2502 Intervalla
228 2456 316 2501 tenere
328 2448 434 2499 exordia
446 2449 531 2514 prima
543 2449 649 2502 animai.

72 2517 140 2570 Nam
153 2535 235 2586 neque
248 2518 361 2586 pulveris
374 2517 506 2569 interdum
519 2519 646 2569 sentimus
658 2517 793 2569 adhaesum

73 2587 190 2653 Corpore,
203 2604 251 2638 neo
262 2585 384 2637 membris
396 2586 527 2638 incussam
540 2587 622 2638 sidere
635 2592 740 2654 cretam,

64 2655 126 2708 Neo
136 2655 261 2707 nebulam
274 2661 360 2719 noctu,
373 2672 421 2706 neo
433 2657 522 2707 aranei
535 2657 626 2708 tenuia
637 2656 683 2707 fila
