1928 2964
200 139 308 194 LIBER
325 138 513 192 SECUNDUS.
722 137 757 188 45

30 259 43 294 a
55 240 178 294 exoritur
189 258 290 309 semper
302 258 385 293 novus
397 241 488 293 ordine
500 245 578 306 certo,

30 310 135 363 inando
147 311 251 362 faciunt
263 311 406 378 primordia
416 317 504 362 motus

30 397 75 431 um
87 379 228 447 quoddam,
242 380 311 447 quod
322 380 374 431 fati
385 380 484 431 foedera
495 383 610 447 rumpat,

30 451 70 500 ito
82 465 117 500 ne
128 465 234 500 caueam
247 465 326 500 cauea
338 455 477 516 aequatur:

30 535 63 570 er
75 523 159 569 terras
171 517 241 570 unde
252 517 309 569 hae
321 517 500 569 animantibus
513 521 607 582 exstat,

30 593 40 638 t
52 586 117 654 hae,
129 587 245 654 inquam,
257 586 321 638 fatis
333 586 426 638 avulsa
438 585 567 650 voluntas,

30 673 55 706 m
67 655 254 724 progredimur,
267 672 318 723 quo
330 655 405 707 ducit
417 671 546 722 quemque
558 653 695 722 voluptaa3

30 742 82 776 nuo
94 725 160 776 item
172 730 267 790 motus,
278 741 328 776 nee
340 730 457 791 tempore
469 730 546 789 certo,

30 795 86 845 ione
98 793 148 845 loci
160 800 239 859 certa,
252 793 298 844 aed
309 793 356 845 ubi
368 793 426 861 ipsa
438 792 502 844 tulit
513 791 606 844 menei
701 794 752 844 260

32 862 76 915 bio
87 863 179 931 procul
191 862 233 913 hia
244 862 322 913 rebus
334 879 381 913 aua
393 862 486 928 cuique
499 861 620 913 voluntas

31 949 78 983 um
90 931 149 984 dat:
168 937 195 983 et
207 931 269 982 hine
280 938 367 983 motus
380 948 426 998 per
437 928 553 982 membra
565 931 686 996 rigantur
693 932 707 981 ¹.

31 1001 93 1052 'idea
105 1001 192 1067 etiam,
205 1001 344 1068 patefactis
356 1007 472 1067 tempore
484 1005 581 1067 puncto

31 1087 72 1137 ua,
85 1087 137 1121 non
149 1086 223 1137 posse
234 1075 323 1122 tamen
336 1085 504 1137 prorumpere
516 1085 642 1135 equorum

31 1139 114 1207 >idam
126 1145 181 1190 tam
193 1138 226 1189 de
238 1138 331 1205 subito,
345 1155 423 1206 quam
435 1154 508 1189 mens
520 1144 580 1189 avet
592 1135 666 1204 ipaat

32 1209 89 1259 nim
101 1213 187 1259 totum
199 1225 245 1276 per
257 1224 350 1275 eorpus
362 1208 484 1259 materiai

31 1277 125 1345 inquiri
137 1275 221 1342 debet,
234 1278 337 1329 concita
348 1294 395 1345 per
407 1282 480 1327 artus

31 1353 63 1398 ut
76 1346 193 1398 studium
205 1347 301 1398 mentia
313 1362 432 1397 connexa
444 1350 580 1413 sequatur:

31 1432 53 1467 rs
65 1415 162 1467 initum
173 1422 259 1467 motus
272 1433 288 1466 a
300 1415 375 1466 corde
388 1415 477 1481 creari,
772 1473 776 1482 Ι

31 1484 103 1553 rique
114 1485 250 1537 voluntate
262 1484 290 1536 id
302 1484 440 1553 procedere
452 1484 582 1551 primum;
702 1481 753 1536 270

31 1554 53 1605 ri
65 1571 140 1622 porro
152 1570 198 1622 per
210 1559 297 1605 totum
310 1571 402 1620 corpus
415 1560 442 1604 et
454 1558 534 1604 artus.

32 1622 104 1674 imile
117 1629 163 1689 ert,
175 1628 207 1675 ut
219 1640 301 1689 quum
314 1623 421 1690 impulsi
432 1621 595 1690 procedimus
607 1620 671 1687 ictu,

33 1692 141 1744 alteriue
154 1692 256 1758 magnis
268 1708 416 1759 magnoque
428 1697 533 1743 coactu:

31 1777 57 1812 m
69 1761 206 1813 materiam
219 1762 300 1813 totius
313 1761 425 1828 eorporis
437 1778 541 1812 omnem

31 1847 86 1881 rum
98 1836 138 1881 eat
149 1830 223 1882 nebia
234 1830 326 1882 invitis
338 1831 376 1880 ire
388 1831 503 1898 rapique,

32 1916 75 1950 am
86 1899 237 1951 refraenavit
249 1917 295 1966 per
307 1897 423 1950 membra
434 1899 564 1951 voluntas.

31 1968 97 2019 rides
109 1969 198 2035 igitur,
212 1985 370 2036 quamquam
383 1969 422 2019 vis
434 1975 525 2020 extem
536 1966 634 2019 multoe

31 2044 49 2089 rt
61 2037 157 2089 invitor
169 2039 239 2104 cogit
251 2038 389 2105 procedere
402 2054 476 2104 sape,

31 2112 119 2174 terque
131 2107 208 2174 rapit,
221 2113 310 2158 tamen
322 2123 377 2158 esee
388 2107 416 2157 in
429 2113 533 2174 pectore
544 2111 632 2158 nostro

32 2193 55 2242 n,
68 2176 138 2242 quod
151 2182 241 2227 contra
253 2193 371 2243 pugnare
383 2175 534 2244 obstareque
546 2175 643 2244 possit3
702 2174 753 2224 280

32 2244 43 2296 i
55 2245 192 2296 arbitrium
206 2262 309 2311 quoque
322 2245 396 2312 copia
408 2245 530 2297 materiai

36 2314 171 2365 interdum
183 2314 254 2365 flecti
266 2331 312 2381 per
324 2313 446 2377 membra,
459 2318 597 2382 peremne,

32 2389 79 2435 eta
89 2384 245 2435 refraenatur
256 2390 376 2450 retroque
387 2383 495 2434 residiti

32 2470 37 2504 t
48 2452 78 2504 in
90 2452 232 2504 seminibus
244 2468 347 2519 quoque
359 2451 429 2502 idem
440 2453 540 2504 fateare
552 2464 654 2499 necesse
666 2453 714 2514 est,

32 2539 70 2575 am
82 2529 179 2590 praeter
191 2520 280 2589 plagas
293 2529 320 2571 et
331 2520 446 2588 pondera
458 2534 563 2571 causam

32 2631 39 2661 ,
52 2591 123 2644 unde
136 2591 192 2642 haee
205 2598 244 2642 est
257 2589 330 2640 nobis
342 2590 435 2640 innata
446 2592 574 2656 potestas:

239 2690 244 2714 ι
258 2680 373 2728 vagantum
389 2673 438 2716 MS.
