1928 2964
100 147 152 199 130
411 146 440 201 ’1.
457 147 624 202 nucnnrn

100 249 238 319 Prseterea,
250 251 398 303 meminisse
405 251 485 317 jacet,
497 251 658 318 languetque
670 268 767 319 sopore,

101 319 156 372 Nec
168 320 296 387 dissentit,
309 337 369 373 enm
380 321 472 372 mortis
483 319 581 387 letique
592 321 708 387 potitum

102 387 121 441 J
122 389 275 457 ampridem,
287 406 365 456 quem
375 406 449 440 mens
461 389 551 440 vivum
563 405 590 439 se
602 405 706 440 cernere
718 388 810 440 cmdit

137 457 212 520 Quod
224 464 347 525 superest,
359 475 413 510 non
424 463 465 509 est
475 458 579 522 mirum,
592 457 732 514 simulacra
742 458 852 524 moveri,
887 458 931 511 770

101 523 265 593 Brachiaque
277 527 306 577 in
317 543 457 578 numerum
464 526 566 593 jactare
578 531 605 576 et
617 532 704 577 cetera
714 525 841 580 membra

101 593 171 645 Nam
182 594 221 660 fit,
234 599 263 646 ut
275 595 303 645 in
316 595 412 646 somnis
423 595 508 646 faeere
520 593 569 645 hoc
581 594 703 646 videatur
714 595 810 661 imago.

103 659 216 729 Quippe,
229 662 275 714 nbi
286 664 371 730 prima
383 663 459 731 perit,
471 662 574 730 alioque
586 668 625 714 est
637 662 722 714 altera
732 671 799 716 nata

102 728 169 781 Inde
181 735 261 796 statu,
273 732 343 799 prior
355 731 400 784 hic
412 736 516 798 gestum
527 737 642 783 mutasse
654 731 768 784 videtur.

101 797 207 851 Scilicet
218 799 246 850 id
258 800 315 852 fieri
326 801 404 852 celeri
415 800 515 853 ratione
527 799 674 867 putandum
685 811 740 851 est:

100 865 186 919 lanta
198 873 237 920 est
249 867 388 935 mobilitas,
400 875 427 920 et
439 885 527 919 rerum
538 868 613 936 copia
625 873 708 934 tanta,

100 934 236 1003 Tantaque
248 937 364 988 sensibili
377 937 469 1005 quovis
481 944 520 988 est
532 942 648 1005 tempore
660 937 688 988 in
700 953 754 990 uno

102 1003 184 1072 Oopia
196 1006 391 1072 particularum,
404 1011 434 1058 ut
445 1006 526 1074 possit
539 1006 714 1074 suppeditare.

101 1072 241 1142 Multaque
252 1074 281 1126 in
292 1075 334 1126 his
345 1075 421 1127 rebus
433 1080 594 1143 quaeruntur,
605 1074 742 1143 multaque
753 1076 831 1131 nobis

101 1142 260 1196 Clarandum
270 1148 317 1211 est,
329 1143 407 1212 plane
419 1144 442 1194 si
452 1161 493 1195 res
505 1161 635 1212 exponere
646 1161 762 1197 evemus.
888 1147 932 1200 780

243 1261 335 1327 Quare,
348 1260 418 1331 quod
427 1259 545 1334 libuerit,
552 1269 649 1313 statum
660 1259 807 1330 oppilemus.

136 1345 268 1409 Quaeritnr
279 1346 308 1398 in
320 1345 417 1413 primis,
430 1361 517 1412 quere,
530 1345 599 1411 qnod
612 1344 707 1413 cuique
718 1344 803 1400 libido

101 1411 216 1480 Venerit,
229 1415 360 1483 extemplo
372 1430 445 1466 mens
457 1413 554 1480 cogitet
566 1415 622 1480 ejus
633 1413 662 1464 id
673 1413 770 1481 ipsum.

99 1481 176 1534 Anne
188 1483 352 1536 voluntatem
363 1489 479 1535 nostram
491 1482 631 1533 simulacra
642 1489 762 1552 tuentur,

100 1549 143 1616 Et,
153 1551 263 1603 simulac
275 1552 403 1618 volumus,
413 1551 487 1603 nobis
498 1551 612 1603 occurrit
623 1551 728 1618 imegol

100 1617 128 1670 Si
140 1637 218 1685 mare,
231 1621 253 1671 si
266 1626 362 1671 terram
374 1621 445 1672 cordi
457 1626 503 1686 est,
516 1620 538 1671 si
550 1620 664 1700 denique
675 1620 781 1688 coslum,

100 1686 248 1740 Conventus
261 1689 404 1754 hominum,
417 1706 545 1757 pompam,
558 1690 685 1754 convivia,
698 1706 810 1759 pugnas,

100 1755 194 1809 Omnia
206 1756 254 1808 sub
266 1757 378 1809 verbone
390 1764 461 1809 creat
472 1763 567 1810 natura
578 1757 724 1826 paratqnel

99 1822 185 1886 Quum
197 1827 340 1894 praesertim
352 1827 410 1878 aliis
422 1826 513 1878 eadem
524 1827 553 1877 in
565 1827 670 1893 regione
680 1826 791 1894 locoque

99 1890 186 1961 Longe
199 1896 337 1947 dissimiles
349 1896 453 1947 animus
464 1912 505 1946 res
517 1896 615 1962 cogitet
627 1895 732 1947 ornnesl

134 1963 203 2027 Quid
211 1981 293 2031 porro,
300 1964 329 2014 in
336 1981 476 2015 numerum
483 1964 620 2082 procedere
628 1981 710 2032 quum
717 1964 860 2020 simulacra
887 1967 931 2020 790

98 2030 233 2083 Cernimus
245 2033 273 2083 in
286 2032 390 2096 somnis,
403 2038 430 2083 et
441 2049 484 2083 mo
495 2033 531 2084 lia
542 2032 659 2084 membra
670 2050 793 2097 movere;

97 2098 190 2152 Mollia
201 2100 333 2152 mobiliter
345 2117 427 2167 quum
440 2101 547 2153 alternis
560 2101 667 2152 brachia
678 2102 805 2170 mittunt,

96 2167 132 2221 Et
144 2175 268 2238 repetunt
280 2169 362 2221 oculis
375 2175 478 2235 gestum
491 2171 556 2237 pede
569 2170 752 2222 convenienti?

96 2236 201 2290 Scilicet
213 2246 269 2290 arte
281 2238 389 2290 madent
402 2239 547 2304 simulacra,
560 2246 587 2290 et
599 2240 676 2290 docta
688 2245 830 2309 vagantur,

95 2306 121 2358 N
123 2314 232 2360 01111110
244 2308 329 2360 facere
341 2313 372 2358 ut
385 2309 483 2374 possint
497 2309 525 2358 in
537 2316 652 2376 tempore
665 2307 760 2360 ludosl

95 2375 138 2440 An
150 2377 234 2443 magis
247 2377 314 2428 illud
326 2377 376 2428 erit
388 2394 485 2443 verum,
498 2378 560 2444 quia
572 2384 688 2444 tempore
700 2377 730 2427 in
742 2395 797 2430 uno

95 2443 277 2496 consentimus
289 2445 324 2511 id,
338 2452 368 2496 ut
380 2462 462 2513 quum
475 2463 525 2496 vox
538 2447 669 2497 emittitur
681 2463 744 2511 una,

94 2511 220 2578 Tempora
232 2513 317 2564 multa
329 2513 421 2576 latent,
428 2514 495 2564 ratio
508 2531 565 2580 quae
579 2515 706 2581 comperit
719 2515 793 2569 esse?

94 2578 235 2646 Propterea
247 2582 285 2645 fit,
298 2582 340 2633 nti
353 2582 441 2648 quovis
454 2581 482 2631 in
495 2587 611 2648 tempore
624 2600 735 2649 quaeque

81 2646 188 2699 staesto
198 2649 255 2700 sint
266 2648 408 2701 simulacra
419 2649 488 2700 locos
500 2649 528 2699 in
541 2668 654 2716 quosque
666 2659 775 2718 parata:
882 2655 928 2706 800
