1928 2964
45 113 99 164 slo
359 112 388 167 Τ.
406 112 573 166 nocturn

45 211 81 263 Et
93 219 230 280 penetrare
241 212 308 265 meri
321 213 426 282 penitus
437 230 478 264 res
490 214 561 280 cogit
572 219 672 281 aperto,

45 281 133 348 Atque
146 281 232 334 efflare
242 282 319 349 forus,
331 283 441 349 ideoque
452 283 577 334 extollere
588 282 732 350 flammam,
838 286 887 338 700

45 349 168 418 Saxaque
180 351 333 418 subjectare,
345 357 373 402 et
384 367 470 402 orenae
483 351 574 402 tollere
586 351 695 404 nimbos.

46 417 79 468 In
91 436 193 472 summo
205 426 268 471 sunt
280 421 377 471 vertice
389 420 460 471 enim
471 427 591 485 crateres,
605 426 637 471 ut
649 420 702 488 ipsi

45 486 220 555 Nominitont‚
233 505 279 539 nos
292 489 361 555 quod
373 488 463 540 fauces
475 488 641 556 perhibemus
653 494 681 540 et
692 507 746 542 oro.

80 555 149 607 Sunt
161 557 261 624 aliquot
273 574 375 624 quoque
386 575 435 623 res,
447 574 558 624 querum
570 574 652 608 unern
664 558 752 610 dicere
764 576 870 613 minem

45 623 105 675 Non
117 624 181 676 setis
192 631 239 692 est,
251 642 343 676 verum
355 626 450 693 plures,
462 625 532 677 unde
544 643 597 678 uno
608 632 699 678 temen
712 628 755 679 sit.

45 692 144 760 Oorpus
156 700 186 745 ut
198 695 350 745 exanimum
363 695 384 744 si
398 695 466 762 quod
479 694 570 762 procul
581 694 637 762 ipse
645 697 735 763 jecere

45 760 194 829 Oonspicius
206 762 333 826 hominis;
350 763 389 829 fit,
401 769 433 814 ut
445 779 533 814 omnes
545 763 632 815 dicere
643 781 736 816 cousus

46 829 190 883 Conveniet
202 832 257 897 leti,
269 832 373 883 dicatur
384 837 416 882 ut
427 832 499 882 illius
511 849 571 884 uns.

46 897 115 950 Nam
128 917 212 968 noque
223 918 284 952 eum
296 902 370 965 ferro,
382 917 431 951 nec
442 901 538 967 frigore
550 901 654 953 vincere
666 901 750 968 possis

47 967 188 1034 Interiisse,
200 986 286 1037 neque
297 987 314 1021 o
325 969 422 1036 morbo,
433 986 518 1037 neque
529 969 598 1021 forte
610 986 710 1021 veneno
720 989 728 1033 ;
836 974 886 1026 710

47 1036 146 1088 Verum
158 1037 259 1106 aliquid
270 1054 364 1104 genere
376 1055 431 1089 esse
440 1055 474 1090 ex
484 1039 540 1103 hoc,
545 1039 614 1106 quod
623 1039 714 1090 concio
722 1040 822 1109 credet,

46 1104 161 1159 Scimus:
179 1107 244 1159 item
255 1107 284 1158 in
296 1106 387 1158 multis
399 1107 448 1158 hoc
460 1107 537 1158 rebus
549 1107 635 1159 dicere
646 1107 783 1164 hebemus.

341 1226 382 1280 Dc
393 1227 458 1280 Nilo
464 1227 560 1297 fluvio.

80 1313 157 1366 Nilus
169 1314 198 1365 in
210 1319 329 1366 oestatem
341 1313 439 1376 crescit,
452 1313 604 1380 campisque
615 1311 747 1367 redundet

46 1381 146 1435 Unicus
158 1384 186 1434 in
199 1385 274 1435 terris
287 1383 397 1451 AEgypti
409 1383 491 1434 totius
503 1382 594 1433 amnis.

45 1452 72 1504 Is
83 1452 154 1519 rigat
163 1452 309 1521 AEgyptum
320 1451 435 1504 medium
448 1469 494 1520 per
505 1467 573 1518 ssepe
585 1449 712 1514 colorem
771 1508 781 1517 st

45 1522 101 1573 Aut
114 1521 175 1588 quia
188 1527 250 1572 sunt
262 1525 352 1572 aestate
364 1520 505 1587 Aquilones
516 1519 584 1571 ostio
595 1525 687 1571 contra

44 1590 117 1642 Anni
129 1596 244 1656 tempore
257 1607 293 1654 eo,
307 1589 353 1656 qui
365 1589 460 1640 Etesiae
473 1605 527 1640 csse
538 1589 675 1650 feruntur;

44 1658 80 1710 Et
93 1665 183 1709 contra
194 1657 306 1708 fluvium
317 1657 411 1709 flantes
423 1664 595 1722 remorentur,
607 1662 635 1708 et
646 1655 732 1710 undes

45 1727 171 1794 Oogcntes
184 1744 271 1778 sursus
282 1727 393 1795 replent,
407 1732 558 1793 coguntque
570 1743 682 1778 munere.

44 1795 70 1847 N
70 1814 113 1848 em
126 1796 205 1848 dubio
217 1797 307 1863 procul
319 1797 374 1847 haec
386 1796 493 1847 adverso
505 1795 587 1847 flabra
598 1795 721 1847 feruntur
835 1798 885 1850 720

44 1865 174 1932 Flumine,
183 1883 242 1932 quae
254 1866 348 1933 gelidis
360 1865 393 1917 ab
406 1865 487 1917 stellis
500 1865 557 1916 exis
569 1870 699 1931 aguntur:

45 1934 94 1986 Ille
107 1952 140 1986 ex
153 1935 267 1986 restitero
279 1942 354 2002 parte
366 1935 440 1986 venit
452 1934 544 1999 amnis,
557 1932 590 1985 ab
604 1935 700 1985 Austro

45 2003 119 2055 Inter
131 2004 207 2070 nigra
219 2004 312 2066 virum,
326 2010 445 2071 percocto
458 2003 535 2054 saeols
547 2002 639 2068 colore,

44 2072 171 2124 Esuriens
184 2073 289 2140 penitus
301 2073 388 2123 medio
400 2071 432 2123 ab
444 2072 550 2138 regione
562 2072 623 2122 diei.

79 2141 127 2194 Est
139 2159 247 2210 quoque,
261 2141 300 2192 uti
313 2142 393 2208 possit
405 2158 517 2207 mugnus
529 2146 667 2207 congestus
678 2155 765 2192 urenoe

45 2209 183 2262 Fluctibus
195 2210 310 2262 adversis
323 2210 438 2277 oppilare
451 2210 517 2260 ostio
530 2217 629 2276 contro,

45 2279 131 2342 Quum
144 2298 215 2332 mare
227 2286 374 2347 permotum
384 2279 468 2330 ventis
481 2279 534 2329 ruit
546 2279 619 2329 intus
632 2293 745 2331 erenum.

45 2349 102 2410 Quo
114 2349 145 2400 fit
157 2350 199 2400 uti
211 2356 288 2416 pacto
300 2349 366 2400 liber
377 2349 464 2399 minus
477 2349 564 2398 exitus
577 2347 668 2411 amnis,

43 2416 79 2468 Et
92 2418 222 2484 proclivus
235 2419 298 2469 item
312 2418 359 2468 fiet
370 2418 457 2468 minus
470 2417 584 2482 impetus
597 2415 680 2467 undis.

79 2485 123 2536 Fit
136 2504 246 2553 quoque,
259 2487 299 2538 uti
313 2487 408 2553 pluviae
420 2486 507 2536 forsan
520 2485 605 2550 magis
617 2483 652 2535 ad
664 2489 744 2551 ceput
757 2487 815 2554 ejus
835 2487 884 2540 730

43 2553 169 2620 Tempore
181 2573 211 2606 eo
223 2556 295 2620 fiant,
308 2572 359 2620 quo
372 2555 460 2606 Etesio
472 2553 553 2604 flabra
567 2552 728 2619 Aquilonum

36 2620 140 2676 Nubila
153 2625 298 2694 conjiciunt
310 2624 338 2673 in
351 2640 393 2673 eas
407 2630 471 2672 tuuc
483 2622 570 2672 omnia
583 2627 676 2688 partes.

946 146 959 213 l
