1928 2964
319 157 426 208 LIBER
444 155 633 209 SECUNDUS.
860 157 894 208 6)

55 258 174 310 'landem
186 256 352 309 coaluerintd
364 274 400 322 ea,
414 274 472 324 quae
486 258 603 324 conjecta
614 263 722 324 repente
827 257 895 305 1060

55 327 215 394 Magnarum
227 343 315 377 rerum
326 326 419 377 fierent
431 326 538 377 exordia
551 343 657 406 semper,

56 397 154 462 Termi,
167 396 254 460 maris,
268 402 294 446 et
307 395 372 460 coeli,
385 396 538 463 generisque
551 395 723 446 animantum.

57 466 144 528 Quare
156 465 238 516 etiam
250 471 330 532 atque
342 466 422 516 etiam
434 465 499 516 tales
511 464 610 534 fateare
623 481 725 515 necesse
737 468 776 516 est

56 534 119 585 Esse
132 533 198 585 alios
210 532 275 584 alibi
288 551 439 600 congressus
450 513 579 598 materiai,

58 603 149 666 Qualis
163 602 206 653 hic
218 609 266 668 est,
278 602 355 655 avido
367 601 506 682 complexu
518 619 597 669 quem
608 606 681 654 tenet
694 602 783 654 esther.

92 673 230 736 Praeterea,
243 689 325 739 quum
336 672 457 723 materies
470 678 508 723 est
497 672 606 723 tmulta
617 677 717 739 parata,

58 742 147 804 Quum
159 741 232 792 locus
244 748 284 792 est
295 747 398 809 praesta,
408 758 456 792 nec
467 758 516 807 res,
528 757 576 791 neo
589 757 667 809 causa
678 747 795 792 moratur

58 810 120 862 Ulla
130 829 138 874 ;
155 811 212 878 geri
224 810 320 862 debent
331 809 457 860 nimirum
469 816 497 861 et
509 809 614 861 confieri
625 827 672 861 res.

58 878 82 930 N
84 897 145 946 une,
157 885 185 930 et
199 879 340 931 seminibus
353 880 375 930 si
386 884 463 930 tanta
475 884 514 930 est
527 880 608 946 eopia,
621 885 749 946 quantam

59 947 220 1001 Enumerare
233 955 298 1012 aetas
308 948 474 1000 animantum
486 965 539 1000 non
551 954 630 1017 queat
642 949 742 1011 omnis;
833 948 899 1000 1070

59 1017 159 1086 lisque
171 1017 262 1069 eadem
274 1024 301 1069 et
313 1023 408 1069 natura
419 1025 516 1084 manet,
529 1035 587 1085 quae
600 1018 698 1069 semina
709 1034 798 1068 rerum

60 1086 194 1155 Conjicere
206 1087 234 1138 in
247 1087 304 1138 looa
316 1103 427 1154 quaeque
439 1093 525 1155 queat,
539 1087 618 1138 simili
629 1087 730 1138 ratione

60 1156 149 1224 Atque
161 1156 215 1207 huo
227 1162 288 1208 sunt
300 1157 417 1222 conjecta
427 1175 434 1219 3
452 1173 555 1208 necesse
568 1164 607 1208 est
619 1157 765 1224 confiteare,

60 1224 124 1277 Esse
136 1225 201 1276 alios
213 1225 271 1276 aliis
283 1231 412 1277 terrarum
424 1226 452 1276 in
465 1225 583 1293 partibus
596 1225 675 1293 orbes,

61 1294 96 1347 Et
108 1295 195 1347 varias
208 1294 343 1347 hominum
355 1301 454 1362 gentes,
467 1301 494 1348 et
506 1295 582 1347 saecla
593 1296 715 1349 ferarum.

96 1365 161 1417 Huo
173 1364 280 1430 accedit,
295 1369 324 1415 ut
336 1363 365 1414 in
377 1381 479 1415 summa
491 1381 531 1416 res
543 1364 617 1417 nulla
629 1367 663 1417 sit
677 1383 736 1432 una,

61 1434 148 1487 Unica
160 1450 219 1502 quae
231 1434 364 1500 gignatur,
378 1438 404 1485 et
416 1434 495 1485 unica
508 1434 612 1502 solaque
625 1440 739 1488 crescat:

63 1504 134 1567 Quin
146 1503 258 1570 alicujus
268 1503 302 1554 sit
315 1502 391 1569 saecli,
403 1503 586 1571 permultaque
599 1504 688 1556 eodem

63 1573 122 1626 Sint
135 1589 245 1640 genere:
263 1572 394 1640 inprimis
406 1572 571 1638 animalibus,
584 1573 670 1626 indice
682 1581 777 1642 mente,

64 1642 186 1694 Invenies
198 1642 235 1693 sio
246 1642 430 1709 montivagum
441 1659 524 1708 genus
537 1659 590 1693 esse
602 1643 724 1710 ferarum,
836 1647 902 1695 1080

63 1711 105 1764 Sic
117 1710 255 1763 hominum
267 1711 399 1779 geminam
411 1711 516 1778 prolem,
530 1712 566 1763 sic
579 1711 691 1779 denique
703 1685 790 1765 mutas

64 1781 265 1850 squamigerum
277 1780 397 1861 pecudes,
410 1787 437 1831 et
449 1797 555 1848 corpora
567 1789 662 1833 cuneta
674 1783 817 1835 volantum.

65 1850 230 1919 Quapropter
242 1850 337 1902 coelum
349 1849 429 1901 simili
441 1851 541 1902 ratione
553 1851 692 1902 fatendum
704 1857 750 1918 est,

64 1919 267 2000 imamque-et
279 1919 367 1985 solem,
379 1919 478 1986 lunam,
490 1936 568 1986 mare,
582 1926 674 1986 cetera,
689 1928 829 1987 quaesunt,

64 1989 123 2043 Non
136 2006 191 2041 esse
203 1989 287 2055 unica,
301 1988 346 2040 sed
357 2005 465 2040 numero
477 1989 560 2056 magis
573 1989 746 2043 innumerali:

65 2059 283 2128 Quandoquidem
294 2057 357 2111 vitae
370 2058 495 2178 depactus
508 2059 635 2110 terminus
648 2059 701 2112 alte

64 2128 128 2182 Tam
140 2135 230 2182 manet
242 2128 306 2195 haec,
319 2134 347 2180 et
358 2133 414 2180 tam
425 2127 516 2179 nativo
528 2145 633 2210 corpore
646 2135 775 2192 constant,

65 2198 149 2262 Quam
160 2215 244 2267 genus
257 2214 340 2262 omne,
353 2196 421 2278 quod
434 2196 474 2248 his
486 2198 632 2264 generatim
644 2198 720 2249 rebus
732 2169 875 2250 abundans

98 2269 162 2332 Quae
175 2268 241 2320 bene
254 2267 360 2335 cognita
372 2266 394 2317 si
406 2271 502 2332 teneas,
515 2272 610 2318 natura
622 2267 727 2319 videtur

64 2337 156 2391 libera
168 2338 302 2404 continuo,
315 2335 426 2386 dominis
439 2335 543 2405 privata
555 2335 679 2404 superbis,
837 2331 904 2380 1090

392 2429 518 2477 coierunt;
533 2430 580 2470 MS.
