1928 2964
72 155 105 208 70
387 157 415 209 Τ.
434 157 600 209 LUORETII

287 303 370 356 Nihil
380 304 436 372 ayit
448 312 545 356 msera
557 303 613 356 sim
624 303 696 355 Diis.

72 395 134 464 Ipsa
146 414 194 449 sua
224 414 251 448 er
263 414 290 448 se
302 404 393 465 sponte
405 397 492 448 omnia
504 397 546 449 dis
558 414 634 464 agere
647 414 748 465 expers.

71 465 97 517 Ν
98 483 148 532 am,
160 414 226 534 prob
238 472 329 517 sancta
341 465 419 517 desim
432 466 575 534 tranquilla
587 471 691 534 pectora
704 482 771 533 pace

72 534 136 597 Quae
149 534 281 602 placidum
293 534 394 601 degunt
406 552 491 586 aevum
503 535 670 602 multumque
682 537 823 588 serenum!

73 602 137 666 Quis
148 620 237 670 regere
249 603 369 655 immensi
381 621 516 668 summam,
529 603 587 670 quia
600 603 695 654 hebere
708 603 837 671 profundi

71 670 138 723 Indo
149 688 230 723 manu
241 671 341 724 validas
353 673 422 740 potis
433 678 472 725 eet
484 672 647 724 moderanter
658 671 796 724 habenas?

72 741 136 803 Quis
148 740 245 808 pariter
256 741 333 792 coelos
345 758 433 793 omnes
446 747 601 807 convertere,
615 746 641 793 et
653 757 744 792 omnes

72 808 182 876 Ignibus
195 808 308 860 aetheriis
320 816 403 861 terras
416 810 502 861 suffire
514 810 611 862 feraces
621 829 628 873 ;

73 877 200 930 Omnibus
212 877 272 929 inve
284 878 347 929 locis
360 896 413 930 esse
426 879 496 930 omni
508 885 624 947 tempore
636 883 740 946 praesto,

71 945 193 998 Nubibus
204 951 235 997 ut
248 946 367 998 tenebras
379 948 467 1012 faciet,
480 947 589 1014 coelique
601 963 692 999 serena

72 1015 210 1068 Concutiat
222 1015 328 1066 sonitui
347 1021 405 1067 tum
416 1016 529 1068 fulmine
541 1016 639 1082 mittat,
651 1022 679 1068 et
691 1015 761 1067 aedes
843 1018 887 1067 11(

73 1084 147 1153 Saepe
159 1101 217 1136 suas
230 1083 359 1136 disturbet
369 1104 376 1148 ;
394 1090 421 1136 et
433 1085 462 1136 in
474 1085 576 1136 deserta
588 1084 712 1136 recedens

73 1153 176 1217 Saeviet,
190 1170 311 1207 exercens
323 1153 414 1220 telum,
426 1171 477 1221 quo
490 1170 556 1222 saepe
568 1159 691 1205 nocentes

72 1222 199 1289 Praeterit‚
212 1223 397 1290 exanimatque
408 1222 530 1289 indignos
542 1223 621 1290 inque
632 1227 764 1274 merentes
774 1240 782 1285 3

245 1329 380 1382 Mundam
392 1339 486 1383 nutam
497 1339 520 1383 et
531 1330 626 1383 multos
636 1329 742 1384 timim.

107 1424 247 1492 Multaque
258 1429 317 1493 post
328 1424 422 1475 mundi
434 1429 538 1492 tempus
550 1423 673 1491 genitale,
685 1423 810 1493 diemque

72 1492 251 1560 Primigenum
262 1493 348 1559 maris,
361 1497 388 1544 et
400 1498 476 1544 terrae
488 1493 600 1560 solisque
612 1499 738 1560 coortum,

72 1561 171 1613 Addita
182 1579 288 1630 corpora
300 1566 362 1612 sunt
374 1560 543 1629 extrinsecus,
556 1561 647 1613 addita
659 1561 759 1612 circum

72 1629 183 1695 Semina,
196 1648 254 1698 quae
266 1647 392 1697 magnum
400 1630 542 1698 jaculando
555 1629 666 1682 contulit
679 1646 773 1694 omne;

71 1699 147 1751 Unde
159 1717 230 1751 mare
242 1704 268 1751 et
280 1705 355 1750 terrae
367 1705 472 1767 possent
483 1715 629 1766 augescere,
641 1703 667 1749 et
679 1699 751 1751 unde

71 1767 216 1836 Appareret
229 1770 344 1836 spatium
355 1767 414 1820 coeli
426 1768 525 1834 domus,
538 1768 643 1835 altaque
655 1772 727 1819 tecta

72 1835 184 1888 Tolleret
195 1855 212 1889 a
223 1832 299 1889 terris
311 1836 408 1905 procul,
421 1842 447 1888 et
460 1841 627 1903 consurgeret
640 1837 692 1888 aer.
843 1842 887 1890 ll]

70 1904 140 1957 Nam
153 1923 199 1957 sua
211 1907 305 1974 cuique
316 1905 379 1957 loeis
391 1922 424 1956 ex
437 1903 557 1957 omnibus
569 1903 656 1956 omnia
668 1904 753 1971 plagis

72 1973 182 2042 Corpora
194 1975 395 2040 distribuuntur,
408 1979 435 2026 et
447 1974 480 2026 ad
493 1991 541 2025 sua
553 1973 630 2025 saeclo
641 1972 783 2026 recedunt:

71 2042 174 2095 Humor
185 2044 219 2095 ad
231 2044 373 2108 humorem,
385 2049 487 2094 terreno
499 2059 604 2111 corpore
616 2047 686 2093 terra

71 2110 168 2164 Crescit
179 2131 185 2175 ;
204 2119 231 2163 et
243 2113 330 2179 ignem
342 2112 415 2177 ignes
427 2111 582 2179 procudunt,
595 2110 743 2178 aetheraque
755 2109 855 2164 aether:

70 2180 192 2249 Denique
203 2181 237 2232 ad
250 2186 396 2232 extremum
408 2181 539 2232 crescendi
550 2180 647 2249 perfica
658 2179 739 2230 finem

72 2249 166 2302 Omnia
178 2250 301 2318 perduxit
312 2266 399 2300 rerum
411 2255 507 2301 natura
519 2249 648 2300 creatrix:

71 2318 108 2370 Ut
120 2319 158 2385 fit,
171 2319 217 2370 ubi
228 2317 311 2370 nihilo
320 2319 377 2385 jam
388 2318 448 2385 plus
461 2323 507 2382 est,
521 2317 590 2386 quod
602 2317 682 2369 datur
693 2316 764 2368 intra

71 2387 171 2439 Vitales
182 2405 269 2452 venas,
282 2404 361 2454 quam
374 2386 443 2454 quod
454 2386 514 2438 fluit
527 2392 606 2453 atque
617 2385 731 2438 recedit:

13 2487 17 2494 ·
71 2455 197 2507 Omnibus
209 2456 251 2508 his
263 2462 326 2507 aetas
339 2455 415 2507 debet
428 2456 567 2506 consistere
579 2455 664 2520 rebus,

70 2523 122 2574 Hic
135 2530 231 2576 natura
240 2526 293 2576 suis
305 2525 427 2576 refraenat
440 2524 538 2575 viribus
551 2529 666 2575 auctum.
842 2527 887 2575 115

104 2591 130 2641 N
130 2609 180 2656 am,
193 2609 363 2659 quaecumque
373 2593 444 2644 vides
457 2592 567 2643 hilarem
576 2591 745 2658 grandescere
754 2591 788 2644 ad
801 2599 887 2645 auctu]

63 2659 254 2729 Pauiatimque
264 2661 362 2730 gradus
375 2661 460 2712 etatis
473 2661 596 2712 scandere
608 2659 706 2712 adulte
717 2678 724 2722 ;
799 2677 800 2681 ¹

231 2900 335 2924 Δ.
