1928 2964
72 159 126 209 204
384 155 413 210 Τ,
431 156 598 209 nucleum

400 288 441 341 De
452 287 586 341 insbrs'bua.

106 388 185 440 Nunc
197 406 253 456 age,
266 406 318 457 quo
330 395 406 457 pacto
419 388 524 456 pluvius
536 393 685 440 concrescat
696 388 726 439 in
737 388 802 441 eltis

72 457 194 510 Nubibus
205 459 305 524 humor,
318 464 345 510 et
357 458 385 509 in
397 464 479 509 terras
491 457 618 509 demissus
629 463 661 508 ut
672 456 757 508 imber

72 525 192 592 Decidat,
204 544 237 579 ex
256 527 348 579 edium
376 527 502 588 Primum,
510 527 568 593 jam
580 525 680 576 semina
692 528 774 592 aquai

72 594 162 647 Multa
173 595 222 646 sim
263 596 367 647 vincam
379 612 533 662 consurgere
544 594 658 646 nubibus
670 594 735 662 ipsis

73 662 201 716 Omnibus
213 681 246 715 ex
258 663 342 730 rebus,
354 665 503 732 pariterque
515 664 554 716 ita
567 680 680 714 cresccre
693 671 844 731 utrumque,

72 731 108 784 Iit
120 731 210 798 nubes,
222 739 249 784 et
261 749 365 799 equam,
377 749 551 800 quaecumque
562 733 591 783 in
602 730 715 783 nubibus
728 739 825 798 exstat,
862 735 911 784 500

73 799 111 852 Ut
123 800 222 869 pariter
234 801 308 852 nobis
320 819 413 869 corpus
425 818 486 854 cum
499 801 626 868 sanguine
638 801 738 866 crescit,

73 868 158 922 Sudor
166 869 231 922 item
242 876 323 937 etque
331 870 432 936 humor,
441 870 598 937 quicumque
608 875 647 921 est
656 868 769 936 denique
779 869 912 922 membris.

74 938 232 1007 Concipiunt
244 939 324 991 etiem
335 939 451 990 multum
463 955 565 1006 quoque
577 955 645 1007 saepe
656 938 791 990 marinum

74 1006 225 1075 Humorem,
238 1007 321 1060 veluti
333 1007 475 1076 pendentia
486 1008 583 1060 vellera
595 1007 662 1058 lanae

74 1075 162 1139 Quum
174 1093 268 1144 supera
279 1094 404 1144 magnum
415 1093 488 1128 mare
499 1076 573 1129 venti
584 1075 677 1128 nubila
688 1079 803 1143 portant.

74 1144 208 1196 Consimili
219 1146 325 1198 ratione·
333 1163 366 1197 ex
378 1145 498 1197 omnibus
510 1144 631 1197 amnibus
640 1144 734 1196 humor

74 1213 186 1266 Tollitur
196 1215 225 1265 in
237 1215 319 1266 nubes
329 1233 335 1267 ι
353 1231 405 1282 quo
417 1231 478 1265 cum
488 1214 555 1266 bene
567 1213 667 1265 semina
678 1229 809 1280 aquarum

73 1279 163 1333 Multa
174 1284 257 1334 modis
269 1283 360 1336 multis
373 1300 515 1335 convenere
528 1282 643 1350 undique
655 1281 783 1345 adaucta;

75 1349 202 1403 Conferte
214 1352 296 1404 nubes
309 1353 336 1404 vi
348 1353 421 1405 venti
432 1352 537 1404 mittere
549 1355 652 1403 certant

73 1417 236 1488 Dupliciter:
253 1439 316 1473 nam
328 1421 367 1474 vis
379 1422 453 1473 venti
464 1420 604 1486 contrudit,
616 1426 643 1472 et
655 1419 713 1487 ipse
861 1422 912 1472 510

75 1487 156 1556 Oopia
167 1490 323 1557 nimborum,
335 1490 413 1542 turba
423 1492 521 1558 majore
532 1495 629 1554 coacta,

75 1555 165 1623 Urget,
178 1564 205 1610 et
217 1574 231 1610 e
244 1576 336 1627 supero
348 1559 452 1626 premit,
464 1576 495 1612 ac
506 1558 572 1610 facit
583 1557 687 1609 effluere
698 1556 801 1609 imbres.

108 1625 244 1692 Praeterea,
257 1644 339 1693 quum
350 1634 485 1680 rarescunt
497 1644 598 1694 quoque
610 1627 702 1678 nubilo
714 1627 809 1693 ventis,

74 1694 130 1746 Aut
142 1694 321 1746 dissolvuntur
333 1695 394 1746 solis
406 1714 483 1764 super
494 1697 549 1748 icta
560 1696 652 1762 colore,

74 1761 190 1815 Mittunt
201 1764 337 1815 humorem
348 1764 469 1832 pluvium
476 1784 483 1828 ;
502 1764 627 1831 stillante,
640 1763 714 1831 quasi
726 1763 784 1832 igni

75 1831 139 1884 (iera
150 1849 228 1901 super
240 1833 324 1886 calido
337 1832 470 1886 tabescens
482 1834 568 1885 multe
579 1833 714 1901 liquescat.

109 1900 160 1954 sed
172 1902 311 1954 vehemens
322 1903 405 1955 imber
416 1903 455 1969 fit,
467 1902 514 1954 nbi
525 1901 693 1954 vehementer
706 1906 818 1970 utraque

74 1968 173 2023 Nubila
184 1971 212 2023 vi
223 1972 357 2024 cumulata
369 1978 524 2040 premuntur
536 1977 563 2022 et
574 1971 673 2039 impete
684 1970 764 2023 venti.

109 2040 269 2092 Atretinere
282 2041 329 2092 diu
341 2041 437 2108 pluviae
450 2041 611 2107 longumque
622 2040 719 2091 morari

75 2107 246 2176 uenenorum,
260 2109 305 2160 ubi
316 2109 402 2161 multa
413 2110 524 2161 fluenter
536 2108 635 2161 semina
646 2125 784 2176 aquarum,
862 2113 913 2161 520

74 2177 163 2245 Atque
175 2177 233 2229 aliis
245 2179 304 2230 aliae
315 2177 397 2230 nubes
410 2178 544 2244 nimbique
555 2177 672 2244 rigantes

74 2244 192 2314 Insuper,
204 2255 285 2315 atque
297 2247 368 2298 omni
380 2247 458 2315 vulgo
471 2247 503 2298 de
515 2253 597 2314 parte,
610 2247 734 2297 feruntur
741 2263 748 2308 ;

74 2313 204 2383 Terraque
218 2333 300 2382 quum
311 2316 417 2368 fumans
429 2316 564 2367 humorem
576 2320 634 2367 tota
645 2314 755 2367 rehelat.

109 2384 182 2436 Hinc
193 2385 239 2436 ubi
250 2386 288 2437 sol
299 2385 380 2437 radiis
392 2390 575 2454 tempestatem
587 2385 657 2435 inter
664 2400 773 2450 opacam

74 2452 191 2505 Adversa
202 2454 278 2506 fulsit
290 2454 439 2507 nimborum
450 2454 586 2523 aspergine
598 2459 704 2516 contra,

418 2568 459 2621 De
469 2585 558 2637 arque.

73 2651 141 2704 uum
153 2651 222 2704 color
234 2653 262 2704 in
274 2653 357 2722 nigris
369 2653 473 2706 exsistit
485 2653 600 2705 nubibus
611 2653 695 2720 arqui,

95 2720 194 2794 Uetere,
208 2741 271 2796 quae
282 2743 391 2782 sursum
404 2729 537 2793 crescunt,
548 2738 703 2788 sursumque
713 2727 847 2788 creantur,

55 2914 130 2928 A
444 2920 493 2928 —.
