1928 2964
100 134 150 186 112
409 126 439 181 Τ.
457 126 623 180 Lucannn

99 233 166 286 Rem
177 237 268 284 contra
280 230 415 300 speculum
427 244 516 297 ponas,
528 235 639 297 apparet
650 230 754 296 imago:

99 302 228 369 Perpetuo
239 301 320 352 fluere
331 306 363 351 ut
374 315 464 350 noscas
476 316 491 349 e
503 315 608 366 corpore
619 315 720 350 summo

99 370 226 422 Tenturas
238 386 326 420 rerum
337 375 437 434 tenues,
449 373 591 434 tenuesque
602 367 707 434 figuras

98 438 167 506 Ergo
179 438 265 489 multa
276 437 349 489 brevi
361 437 446 504 spatio
458 435 598 487 simulacra
610 449 747 502 geruntur,
887 439 935 490 160

99 507 136 559 Ut
147 508 240 558 merito
252 505 319 557 celer
330 505 372 556 his
383 504 460 556 rebus
473 504 576 555 dioatur
587 505 666 571 origo.

98 575 134 627 Et
145 576 219 643 quasi
231 573 316 626 multa
326 572 400 625 brevi
412 573 496 640 spatio
508 571 662 624 submittere
674 570 752 624 debet

98 644 211 695 Lumina
223 642 268 709 sol,
279 649 311 693 ut
324 647 450 710 perpetuo
462 641 515 692 sint
526 641 614 692 omnia
625 641 704 709 plena
710 659 718 704 3

97 712 140 764 Sic
152 729 168 764 a
180 711 257 762 rebus
268 711 333 762 item
346 711 425 762 simili
435 710 537 762 ratione
548 727 650 761 neeesse
662 715 702 761 est

98 779 230 848 Temporis
242 780 271 830 in
282 785 380 846 puncto
392 795 479 830 rerum
492 778 632 830 simulacra
643 778 764 830 ferantur

97 848 185 900 Multa
197 848 280 899 modis
292 848 383 899 multis
395 848 424 897 in
436 851 544 898 cunctas
556 847 673 914 undique
684 853 786 914 partes:

98 916 320 984 Quandoquidem,
333 916 468 983 speculum
480 932 644 982 quocumque
656 914 816 968 obvertimus
829 917 888 983 oris,

97 984 148 1037 Res
160 985 196 1036 ibi
208 985 365 1052 respondent
377 983 457 1035 simili
467 983 552 1035 forma
564 989 643 1051 atque
654 983 745 1037 eolore.

131 1054 267 1119 Praeterea,
277 1053 353 1104 modo
365 1068 446 1119 quum
457 1051 539 1103 fuerit
550 1052 724 1119 liquidissima
735 1052 796 1105 cosli

96 1123 253 1191 Tempestas,
266 1137 392 1190 perquam
404 1120 490 1172 subito
502 1120 534 1172 fit
546 1120 652 1172 turbida
662 1121 732 1173 foede
885 1125 932 1176 1⁷0

96 1191 233 1260 Undique;
251 1191 292 1242 uti
304 1189 424 1242 tenebras
436 1206 524 1241 omnes
536 1189 690 1241 Acherunta
700 1190 782 1242 rearis

96 1260 222 1328 Liquisse,
234 1265 261 1311 et
273 1275 381 1326 magnas
394 1259 453 1310 coeli
464 1259 605 1326 eomplesse
616 1275 760 1322 savernam

96 1328 183 1397 Usque
195 1329 266 1395 adeo,
278 1333 348 1380 tetra
359 1326 508 1378 nimborum
520 1334 597 1379 noete
609 1333 704 1394 ooorta,

96 1397 253 1465 Impendent
265 1403 329 1448 atrae
341 1396 488 1448 formidinis
500 1412 545 1447 ora
557 1412 675 1463 superne.

96 1465 212 1528 Quorum
226 1466 354 1533 quantula
365 1481 424 1533 pars
436 1465 471 1516 sit
483 1465 578 1531 imago,
591 1464 677 1516 dicere
688 1479 765 1517 nemo
778 1467 828 1523 est

96 1534 147 1598 Qui
160 1534 247 1602 possit,
260 1550 345 1601 neque
356 1550 415 1585 eam
426 1533 555 1584 rationem
566 1532 674 1584 reddere
686 1532 773 1587 dietis.

330 1649 370 1702 De
381 1650 506 1703 cabritum
517 1648 696 1702 simulacrum.

129 1736 155 1788 N
155 1753 206 1788 unc
218 1753 274 1803 aga,
287 1753 368 1803 quam
380 1735 457 1787 oeleri
469 1740 544 1787 motu
556 1735 696 1787 simulacra
707 1734 837 1801 ferantur,

95 1803 130 1854 Ilt
142 1821 199 1871 qua
211 1805 342 1856 mobilitas
354 1805 406 1856 illis
419 1803 586 1856 tranantibus
599 1821 675 1856 aurae

95 1871 209 1925 Reddita
221 1874 262 1938 sit,
275 1873 353 1940 longo
365 1874 449 1940 spatio
461 1879 491 1924 ut
503 1873 588 1926 brevis
599 1872 663 1924 hora
674 1876 784 1938 teratur,

94 1940 127 1991 In
140 1958 319 2008 quemcunque
332 1942 417 1993 locum
430 1941 531 1994 diverso
542 1942 651 1993 numine
662 1940 783 2006 tendunt,
884 1945 932 1994 180

94 2008 240 2062 Suavidiois
253 2011 347 2076 potius,
360 2026 439 2076 quam
451 2010 550 2075 multis,
562 2010 678 2062 versibus
690 2009 779 2061 edam:

94 2077 194 2130 Parvus
205 2085 236 2130 ut
248 2085 287 2128 est
299 2079 375 2144 cycni
386 2079 477 2129 melior
489 2095 574 2145 aanor,
585 2079 631 2129 ille
642 2094 740 2145 gruum
751 2095 834 2145 quam

94 2147 203 2214 Clamor,
215 2147 243 2197 in
256 2144 369 2197 aetheriis
381 2147 512 2213 dispersus
524 2146 637 2199 nubibus
649 2146 739 2198 austri.

129 2215 269 2284 Principio,
281 2231 395 2282 persaepe
408 2215 477 2267 leves
489 2232 530 2266 res
541 2220 621 2282 atque
633 2214 743 2267 minutis

94 2283 247 2351 Corporibus
258 2284 349 2349 factas,
362 2283 456 2335 celeres
468 2284 531 2335 lieet
543 2301 597 2335 esse
609 2283 705 2336 videre.

94 2351 128 2402 In
140 2369 190 2418 quo
199 2355 256 2419 jam
267 2369 361 2419 genere
373 2356 414 2403 est
426 2352 485 2403 solis
498 2352 553 2418 lux,
565 2356 592 2403 et
604 2369 685 2419 vapor
697 2351 768 2423 ejus5

93 2418 232 2486 Propterea
244 2421 305 2486 quia
317 2426 379 2471 sunt
392 2437 406 2471 e
418 2421 507 2488 primis
520 2422 591 2472 facta
602 2421 712 2471 minutis
719 2439 727 2483 ;

92 2487 157 2604 lu
164 2489 244 2606 issi
256 2488 396 2608 ullu
409 2490 585 2608 aulul
598 2488 768 2608 upapam

91 2573 281 2688 Suppeditairir
293 2573 762 2691 empsprpfifseppppnlpnpppipilupenpa
882 2628 928 2679 190
