1928 2964
342 131 451 185 LIBER
468 129 613 185 Paratus,
864 135 898 186 23

55 241 111 309 Sed,
124 243 186 311 quia
195 242 285 296 multa
297 242 349 294 sibi
360 246 473 294 cernunt
485 240 623 308 contraria,
635 239 720 292 inesse
724 251 742 307 ¹,

54 311 88 364 Et
98 313 218 380 fugitant
229 313 260 364 in
271 311 352 364 rebus
364 311 443 363 inane
454 311 603 377 relinquere
615 326 727 378 purum;

55 381 146 433 Ardua
158 382 223 432 dum
233 386 370 446 metuunt,
382 380 512 432 amittunt
524 396 587 432 vera
598 379 668 430 viai:
847 379 899 429 660

55 449 108 501 Nec
120 467 224 502 rursum
236 455 351 502 cernunt
363 454 518 517 exemptum
530 448 608 500 rebus
620 447 707 513 inane,

56 518 149 571 Omnia
161 519 273 585 denseri,
285 517 394 585 fierique
406 534 439 569 ex
451 517 573 568 omnibus
585 533 670 568 unum

55 587 162 655 Corpus,
174 587 215 639 nil
226 587 261 639 ab
273 605 301 638 se
314 586 384 654 quod
396 587 478 655 possit
490 586 597 638 mittere
608 585 714 653 raptim,

55 655 163 708 AEstifer
175 656 246 723 ignis
259 656 299 707 uti
310 655 402 707 lumen
410 655 485 722 jacit,
497 660 579 722 atque
591 671 729 722 vaporem3

55 724 91 777 Ut
103 725 196 778 videas
207 741 261 776 non
273 741 288 776 e
301 724 405 792 stipatis
417 724 537 792 partibus
549 738 611 775 esse.
698 738 702 744 ·

90 794 169 858 Quod
181 793 205 845 si
216 793 285 845 forte
296 793 353 844 ulla
365 793 477 845 credunt
488 793 590 844 ratione
602 796 704 860 potesse

10 880 13 897 ¹
57 862 135 931 Ignes
147 863 177 914 in
190 867 261 914 coetu
273 862 375 928 stingui
386 868 564 929 mutarequew
577 876 686 928 corpus;

57 931 163 984 Scilicet
176 949 210 983 ex
222 931 298 982 nulla
309 931 395 983 facere
406 930 435 981 id
448 931 470 982 si
482 936 558 999 parte
569 933 714 997 reparcent,

58 1000 167 1053 Occidet
179 999 214 1052 ad
226 1000 341 1051 nihilum
352 1000 478 1051 nimirum
489 999 611 1050 funditus
624 998 700 1050 ardor

58 1069 158 1136 Omnis,
171 1075 199 1121 et
211 1086 245 1121 ex
257 1069 341 1120 nihilo
352 1069 418 1120 liant
430 1079 602 1136 quaecumque
614 1075 742 1122 creantur.
851 1070 901 1120 670

58 1138 127 1191 Nam
139 1137 325 1206 quodcumque
338 1138 389 1189 suis
402 1143 537 1189 mutatum
548 1136 645 1188 finibus
658 1137 721 1204 exit,

58 1207 192 1260 Continuo
204 1207 254 1258 hoc
266 1224 334 1258 mors
346 1212 387 1261 est
398 1206 478 1272 illius,
491 1206 561 1274 quod
573 1206 626 1258 fuit
638 1212 717 1269 ante;

59 1276 174 1328 Proinde
186 1275 288 1343 aliquid
301 1293 421 1344 superare
433 1292 536 1327 necesse
548 1280 588 1327 est
599 1275 730 1327 incolume
742 1274 802 1341 illis,

59 1345 99 1397 Ne
111 1344 163 1397 tibi
175 1361 216 1396 res
230 1345 338 1397 redeant
349 1344 384 1396 ad
396 1345 481 1396 nilum
492 1344 613 1396 funditus
626 1360 721 1411 omnes,

60 1414 98 1467 De
110 1413 250 1480 nihiloque
261 1419 354 1465 renata
365 1413 477 1466 virescat
489 1414 564 1480 copia
575 1431 670 1466 rerum.

10 1470 13 1544 l
94 1484 176 1535 Nunc
187 1482 277 1549 igitur,
290 1483 415 1550 quoniam
427 1482 571 1534 certissima
583 1499 690 1550 corpora
702 1482 822 1550 quaedam

61 1551 137 1618 Sunt,
150 1568 211 1619 quae
223 1557 378 1604 conservant
389 1556 513 1603 naturam
526 1567 627 1620 semper
638 1552 755 1617 eandem,

62 1621 181 1684 Quorum
193 1619 268 1671 abitu
280 1626 328 1672 aut
340 1621 423 1685 aditu,
435 1626 590 1688 mutatoque
602 1620 700 1687 ordine,
712 1626 819 1673 mutant

62 1690 193 1742 Naturam
204 1705 254 1755 res,
265 1695 293 1740 et
304 1695 462 1741 convertunt
474 1706 581 1756 corpora
593 1704 661 1753 sese;

62 1758 133 1811 Scire
144 1759 209 1809 licet
220 1774 273 1808 non
285 1774 339 1810 esse
351 1758 408 1809 haec
419 1758 498 1825 ignea
510 1775 616 1826 corpora
627 1776 722 1813 rerum.
852 1761 903 1810 680

62 1828 86 1879 N
87 1828 108 1879 il
119 1828 231 1878 referret
242 1826 312 1878 enim
324 1827 445 1894 quaedam
457 1827 588 1879 discedere
596 1834 616 1894 ¹,
628 1828 707 1894 abire,

63 1898 151 1963 Atque
163 1895 216 1947 alio
228 1895 345 1962 attribui,
357 1896 507 1963 mutarique
520 1896 611 1947 ordine
623 1898 751 1965 quaedam,

63 1965 90 2018 si
102 1971 211 2018 tantum
223 1964 322 2016 ardoris
333 1971 457 2016 naturam
469 1971 565 2017 cuncta
577 1971 712 2019 tenerent:

63 2035 136 2102 Ignis
149 2034 222 2086 enim
233 2033 300 2085 foret
312 2033 476 2100 omnimodis,
489 2034 672 2102 quodcumque
684 2040 790 2087 crearet.

63 2103 171 2169 Verum,
184 2108 216 2153 ut
228 2103 327 2170 opinor,
339 2103 378 2154 ita
390 2108 443 2154 est:
463 2109 525 2154 sunt
537 2104 657 2171 quaedam
669 2121 783 2173 corpora,
796 2119 905 2170 quorum

64 2172 218 2237 Concursus,
230 2176 325 2237 motus,
337 2172 406 2237 ordo,
419 2172 544 2241 positura,
556 2173 655 2240 figurae,

63 2241 190 2293 llfliciunt
202 2239 284 2307 ignes,
296 2246 451 2308 mutatoque
463 2241 553 2292 ordine
564 2249 671 2294 mutant

64 2310 210 2372 Naturam
228 2325 313 2376 neque
325 2315 388 2361 sunt
400 2310 457 2376 igni
469 2310 599 2377 simulata,
612 2328 697 2379 neque
709 2309 759 2360 ulli

64 2378 196 2431 Praeterea
207 2378 253 2444 rei,
266 2394 323 2445 quae
336 2395 442 2446 corpora
453 2379 559 2430 mittere
571 2381 654 2447 possit

64 2447 196 2514 Sensibus,
209 2452 237 2498 et
248 2452 349 2499 nostros
362 2447 467 2515 adjectu
480 2453 588 2514 tangere
600 2454 694 2500 tactus.
856 2448 906 2498 690

97 2517 193 2568 Dicere
206 2531 282 2584 porro
295 2516 383 2582 ignem
395 2533 436 2567 res
448 2533 536 2568 omnes
549 2534 610 2583 esse,
622 2533 707 2584 neque
719 2513 803 2566 ullam

66 2586 128 2638 Rem
142 2601 234 2638 veram
245 2584 275 2636 in
286 2601 396 2636 numero
407 2601 496 2636 rerum
507 2592 632 2651 constare,
644 2585 696 2636 nisi
707 2584 803 2651 ignem,

92 2686 224 2730 'musam
241 2681 289 2722 ΜΕ.
383 2687 395 2707 '
408 2695 515 2732 massam
530 2683 579 2725 MS.
663 2687 674 2709 ¹
689 2681 891 2729 demandare-,din=
957 2740 959 2745 Ι

856 2896 876 2922 Δ
