1964 2970
86 172 138 223 aso
343 142 350 152 '
397 161 426 215 r.
444 159 611 215 nnoasrrr

122 268 242 335 Denique
253 283 294 317 res
306 281 394 317 omnes
406 262 501 314 debent
513 262 542 312 in
554 277 659 328 corpore
670 257 767 312 babere

88 339 166 402 A'e‘ra,
178 334 389 403 quandoquidem
400 349 459 384 raro
471 336 533 383 sont
545 345 657 397 corpore,
666 337 693 380 et
705 331 752 380 aer

89 405 217 458 Omnibus
229 410 269 456 est
280 402 356 454 rebus
368 400 545 453 circumdatus
558 398 751 467 appositusque.

89 475 141 527 Hic
154 474 243 540 igitur,
256 472 361 540 penitus
373 471 417 538 qui
429 471 457 520 in
469 469 537 520 ferro
549 476 588 519 est
601 466 713 530 abditus,
726 467 773 517 aer

88 543 196 595 Solicito
208 549 282 592 motu
294 556 394 607 semper
403 541 527 606 jactatur,
541 553 621 603 eoque

89 611 216 663 Verberat
227 609 362 660 annellnm
374 608 453 659 dubio
465 606 568 674 procul;
587 612 613 656 et
625 604 677 655 ciet
689 603 761 654 intus

89 680 194 732 Scilicet
201 697 208 741 ;
226 685 306 744 atque
319 677 409 728 eodem
421 676 512 741 fertur,
525 691 575 742 quo
587 672 763 741 praeoipitarit

89 749 109 800 J
110 766 152 800 am
165 746 250 812 semel,
263 753 290 798 et
301 763 413 797 vacuam
424 752 527 813 partem
539 745 566 794 in
578 741 716 794 conamina
728 739 849 807 sumpsit.
859 741 923 790 1040

125 817 169 868 Fit
182 832 291 882 quoqne,
303 821 335 866 ut
346 832 363 867 a
375 813 462 882 lapide
474 813 523 864 hoe
534 812 597 864 ferri
608 816 703 862 natura
715 809 823 860 recedat

91 885 237 949 Interdum,
249 885 340 951 fugere
352 892 432 950 atque
444 881 517 950 sequi
529 887 653 932 consueta
665 878 787 930 vicissim.

90 953 232 1005 Exsultare
244 953 324 1004 etiam
336 951 516 1004 Samothracia
526 950 611 1001 ferrea
623 948 685 1013 ridi,

90 1022 126 1073 Et
138 1027 256 1073 ramenta
268 1021 346 1072 simul
358 1021 420 1072 ferri
432 1021 518 1071 furere
529 1020 603 1069 intus
615 1016 705 1069 ahenis
716 1013 721 1023 “

91 1091 125 1142 In
137 1091 256 1157 scaphiis,
265 1090 332 1159 lapis
344 1091 388 1141 hio
399 1105 506 1156 magnes
518 1105 601 1155 quum
613 1084 733 1138 subditus
744 1089 826 1135 esset:

92 1160 180 1226 Usque
192 1159 257 1211 adeo
268 1159 358 1226 fugere
370 1176 386 1211 a
398 1175 460 1210 saxo
472 1159 567 1224 gestire
579 1156 690 1219 videtur,

91 1228 153 1279 AEre
165 1228 330 1296 interposito;
342 1227 470 1280 discordia
483 1234 557 1278 tanta
569 1230 687 1285 creatum

93 1296 233 1364 Propterea
245 1299 306 1364 qnia
317 1297 442 1348 nimirum
454 1295 527 1363 prius
540 1302 617 1346 aestus
629 1291 674 1344 nbi
687 1289 746 1342 oeris

95 1364 230 1432 Praecepit,
242 1366 357 1433 ferrique
368 1366 424 1418 rias
436 1364 550 1432 possedit
561 1368 672 1430 apertas,

92 1433 220 1486 Posterior
231 1435 326 1503 lapidis
339 1436 412 1487 venit
424 1440 509 1500 aestns,
522 1438 548 1484 et
561 1432 647 1485 omnia
659 1430 737 1498 plena
862 1429 928 1480 1050

94 1503 201 1555 Invenit
213 1504 241 1554 in
253 1505 332 1555 ferro:
351 1521 436 1571 neque
448 1503 535 1568 habet,
548 1519 599 1569 qua
612 1505 705 1565 tranet,
719 1504 749 1550 ut
761 1502 832 1549 ante.

94 1572 202 1638 Cogitur
214 1572 338 1624 offensare
350 1574 433 1639 igitur
444 1572 600 1639 pulsareque
612 1570 696 1620 fluctu

94 1640 188 1692 Ferrea
200 1647 275 1692 texta
287 1658 344 1692 suo:
365 1659 415 1708 quo
427 1647 504 1709 pacto
517 1639 617 1706 respuit
629 1637 662 1689 ab
675 1654 710 1702 se,

94 1711 181 1777 Atque
193 1726 284 1775 perses
297 1710 388 1776 agitat,
402 1711 457 1761 sine
469 1727 499 1760 eo
511 1709 579 1776 quod
592 1724 659 1774 saepe
670 1704 791 1757 resorbet.

131 1777 202 1829 Illud
215 1778 243 1829 in
254 1778 296 1830 his
307 1779 384 1830 rebus
396 1779 487 1829 mirari
497 1779 582 1839 mitte,
595 1776 664 1844 quod
677 1780 754 1825 aestus

95 1847 154 1898 Non
166 1848 237 1899 valet
249 1865 263 1899 e
275 1848 362 1915 lapide
374 1848 423 1899 hoo
435 1847 500 1899 alias
512 1846 645 1914 impellere
657 1845 721 1895 item
732 1859 785 1894 res:

96 1916 213 1968 Pondere
225 1917 295 1968 enim
306 1918 381 1968 fretae
393 1917 490 1984 partim
503 1922 582 1980 stant,
595 1913 663 1981 quod
675 1929 757 1979 genus
769 1928 879 1963 aurum:

95 1987 134 2035 Ae
146 1987 243 2051 partim
255 2003 312 2037 raro
325 1987 387 2053 quia
399 1991 461 2036 sunt
473 2001 534 2035 cnm
546 2000 658 2050 corpore,
670 1987 702 2032 nt
715 1988 793 2032 aestus

96 2053 217 2106 Pervolat
229 2056 353 2119 intactus,
366 2061 500 2121 nequeunt
512 2052 640 2120 impellier
654 2066 777 2117 usquam;

96 2122 195 2189 Lignea
206 2125 326 2175 materies
338 2124 367 2174 in
380 2140 430 2190 quo
442 2139 535 2188 genere
547 2138 603 2173 esse
615 2120 725 2173 videtur.
866 2119 931 2168 1060

97 2190 171 2243 Inter
183 2200 307 2258 utrasque
319 2192 400 2259 igitur
412 2191 475 2242 ferri
486 2196 582 2242 natura
594 2190 686 2253 locata,

96 2260 167 2312 AEris
179 2262 225 2313 ubi
237 2262 338 2328 accepit
351 2260 469 2327 qnaedam
481 2258 648 2326 corpuscula;
667 2264 725 2308 tum
736 2255 775 2319 fit,

97 2328 240 2397 Impellant
251 2337 281 2381 ut
294 2347 351 2381 eam
364 2329 501 2395 Magnesia
512 2328 622 2380 fiumina
635 2326 699 2378 saxi.

131 2398 156 2448 N
157 2416 186 2450 ee
199 2405 286 2450 tamen
298 2399 354 2450 hoec
366 2398 405 2448 ita
417 2405 479 2449 sunt
490 2397 602 2448 aliarum
614 2412 701 2447 rerum
714 2393 808 2458 aliena,

98 2466 135 2517 Ut
146 2468 212 2518 mihi
224 2467 309 2518 multa
320 2483 413 2534 parum
425 2484 519 2532 genere
531 2482 564 2516 ex
576 2466 625 2516 hoc
638 2462 848 2531 suppeditentur,

93 2534 158 2599 011ae
169 2553 316 2589 memorare
328 2552 423 2607 queam
435 2536 504 2587 inter
516 2552 543 2586 se
554 2533 712 2599 singlariter
724 2537 794 2598 apta.

74 2605 152 2662 Sara
166 2609 243 2663 rides
254 2609 380 2681 primum
394 2607 450 2660 sola
463 2604 609 2658 coalescere
619 2600 706 2649 calce:

64 2678 186 2737 Glutine
198 2683 337 2738 materies
349 2679 468 2737 taurino
480 2672 611 2745 jungit&
620 2681 692 2724 m»
