1928 2964
103 130 155 181 196
408 127 436 181 Τ.
454 126 627 180 LUGRE'PII'

136 229 274 296 Praeterea,
287 240 371 297 ssepec
384 229 532 281 accendunt
544 244 648 296 quoque
660 233 732 280 tecte
744 226 890 295 domorum,

101 298 138 351 Et
151 298 229 351 celeri
240 298 346 350 flamma
358 298 528 350 dominantur
539 298 567 348 in
580 296 680 348 aedibus
691 297 767 364 ipsis·
815 374 820 383 ι

337 412 415 483 Iqas's
426 421 448 465 et
453 411 585 481 fulminis
596 420 703 464 nutura.

102 497 183 549 Hune
194 496 244 549 tibi
257 494 381 547 subtilem
393 495 556 564 cumprimis
568 495 675 562 ignibus
688 495 780 564 ignem

101 566 245 618 Constituit
257 572 353 616 natura
364 564 474 616 minutis
486 564 600 616 motibus
612 569 692 630 atque

101 634 262 702 Corporibus,
275 633 318 684 cui
329 633 369 683 nil
381 633 486 684 omnino
498 632 620 684 obsistere
632 633 722 700 possit.

100 703 205 754 Transit
217 702 287 754 enim
299 701 386 753 valide
397 701 499 753 fulmen
510 718 557 768 per
568 699 666 772 soepta‘¹
679 701 826 769 domomm,

100 771 203 823 (llamor
214 770 256 822 uti
268 787 299 821 ae
311 787 402 832 voees3
420 770 515 821 transit
525 786 573 849 per
585 786 656 835 saxa,
668 786 715 836 per
727 786 781 822 aera
788 789 796 834 ;

100 839 136 891 Ilt
148 838 278 907 liquidum
289 845 387 907 puncto
399 838 464 890 iacit
476 855 511 889 aes
523 843 680 906 1ntempore
692 844 719 890 et
730 855 836 892 aurum
889 841 937 892 230

100 908 264 973 (inretitam,
277 907 345 959 vasis
358 906 467 973 integris
479 907 542 958 vina
553 912 660 974 repente

98 976 265 1044 Diffugient;
283 975 346 1044 quia
357 975 481 1027 nimirum
492 974 570 1026 facile
582 975 670 1028 omnia
681 975 783 1028 circum

100 1045 221 1097 Oollaxat
232 1062 290 1096 rare
309 1060 341 1096 ue
352 1044 416 1096 lacit
428 1042 585 1095 lateramina
596 1044 652 1096 vasi

100 1114 251 1166 Adveniens
264 1062 333 1165 calor
345 1115 409 1180 ejus,
421 1117 459 1178 ut,
471 1112 620 1164 insinuatus
632 1113 661 1164 in
672 1112 769 1181 ipsum,

98 1181 234 1235 Mobiliter
246 1182 347 1234 solvens
360 1181 446 1233 differt
458 1181 601 1249 primordia
613 1181 683 1233 vini:

99 1250 174 1314 Quod
187 1252 248 1303 solis
260 1267 341 1319 vapor
352 1257 458 1302 aetatem
471 1267 524 1301 non
536 1268 610 1317 posse
622 1250 729 1302 videtur

98 1319 214 1387 Efficere,
226 1319 384 1388 usqueadeo
396 1318 495 1387 pollens
507 1318 607 1371 fervore
619 1336 739 1372 corusco:

97 1388 182 1441 Tanto
193 1389 313 1441 mobilior
324 1389 364 1440 ris
375 1394 402 1440 et
415 1388 591 1440 dominantior
602 1388 658 1439 haeo
670 1394 716 1441 est.

132 1457 156 1509 N
158 1475 210 1509 unc
222 1475 253 1509 ea
265 1475 316 1525 quo
328 1464 405 1525 pacto
417 1457 567 1524 gignantur,
581 1462 607 1508 et
619 1458 717 1525 impete
728 1461 805 1510 tanto

97 1526 184 1591 Fiant,
197 1532 228 1577 ut
239 1526 339 1593 possint
351 1526 408 1577 ictu
420 1526 564 1577 discludere
576 1531 667 1589 turres,
884 1531 934 1581 240

97 1594 250 1646 Disturbare
263 1594 357 1657 domos,
371 1593 482 1645 avellere
494 1595 569 1661 tigna
581 1595 725 1663 trabesque,

96 1663 131 1715 Et
142 1669 313 1714 monumenta
322 1661 408 1712 virirm
420 1662 546 1729 demoliri,
558 1670 638 1730 atque
650 1664 726 1730 ciere,

96 1732 254 1783 Exanimare
265 1731 390 1797 homines,
402 1732 514 1799 pecudes
527 1738 688 1799 prosternere
700 1733 804 1801 passim,

96 1801 187 1853 Cetera
199 1800 231 1852 de
243 1818 337 1867 genere
348 1800 397 1852 hoo
410 1817 462 1868 qua
475 1801 501 1851 vi
513 1801 598 1852 faeere
610 1801 698 1853 omnia
710 1802 817 1869 possint,

95 1869 249 1939 Expediam,
261 1887 346 1938 neque
358 1877 385 1922 te
397 1871 425 1922 in
438 1870 569 1938 promissis
580 1869 657 1938 plura
668 1869 794 1923 morabor.

180 1984 311 2038 Fidmiua
323 1987 355 2037 in
366 1985 536 2038 crassioribus
548 1984 660 2038 aubibus
670 1994 693 2039 ct
704 1985 754 2038 alte
762 1987 850 2056 qiqni.

129 2077 252 2129 Fulmina
264 2077 384 2143 gignier-0
396 2094 410 2128 e
423 2078 514 2129 crassis
528 2077 632 2143 alteque
644 2078 793 2145 putandum
805 2086 845 2131 est

93 2144 214 2196 Nubibus
227 2146 381 2197 exstructis:
394 2163 453 2197 nam
468 2147 532 2197 coelo
544 2146 619 2197 nulla
631 2164 728 2213 sereno,

93 2213 119 2264 N
119 2231 148 2264 ec
160 2213 253 2264 leviter
264 2214 351 2265 densis
364 2213 508 2266 mittuntur
520 2215 634 2267 nubibus
646 2233 770 2283 unquam

92 2282 162 2334 Nam
174 2283 252 2334 dubio
264 2283 355 2350 procul
367 2283 416 2334 hoo
427 2283 484 2335 fieri
495 2285 635 2335 manifesta
647 2284 723 2336 docet
735 2302 783 2353 res,

93 2350 168 2414 Quod
180 2368 251 2402 nuno
263 2369 309 2419 per
322 2358 407 2403 totum
419 2360 588 2405 concrescunt
600 2355 662 2405 aera
674 2353 756 2405 nubes
878 2360 918 2410 25⁴

91 2418 220 2487 Undique,
234 2421 275 2471 uti
287 2420 406 2472 tenebras
419 2439 506 2474 omnes
519 2423 671 2474 Acherunta
683 2439 788 2474 reamur

90 2485 216 2555 liquisse,
228 2494 255 2540 et
267 2506 377 2556 magnas
389 2489 448 2541 coeli
460 2491 599 2558 complesse
612 2508 750 2543 cavernas:

91 2553 180 2622 Usque
191 2556 264 2620 adeo,
276 2563 346 2609 tetra
358 2558 508 2609 nimborum
519 2566 595 2610 nocte
608 2565 703 2626 coorta,

138 2644 148 2665 ⁸
162 2650 222 2689 ιοιος
236 2638 285 2680 Ma.
397 2643 486 2690 ‘tectu
501 2643 548 2682 MS.
659 2648 736 2685 ‘nuno
746 2645 814 2698 gigni5
829 2647 879 2690 ue.
