1928 2964
342 146 449 198 uranu
467 122 624 199 orarius
869 147 901 200 77

56 244 82 296 N
82 262 170 297 oscere
182 251 213 298 ut
225 245 288 297 hinc
299 247 388 314 possis,
401 263 453 298 nou
466 263 553 314 aquas
565 247 653 298 omnia
665 251 752 314 partes

57 314 171 382 Corpora
182 313 285 380 habere,
298 332 383 382 neque
395 332 429 366 err
441 332 515 382 aequo
526 315 620 367 fulcire
633 316 763 378 salutem3

57 382 108 435 Sed
119 383 206 450 magis
218 383 283 450 haec,
295 385 369 435 venti
381 401 438 451 quoe
451 392 513 435 sunt
525 385 656 451 calidique
669 386 772 452 vaporis

57 452 177 517 Semina,
184 469 275 504 curare
287 453 315 504 iu
327 452 449 504 membris
461 460 491 504 ut
503 453 559 506 vita
571 460 693 506 moretur.

56 519 105 573 Est
116 521 201 588 igitur
213 520 284 573 calor
295 539 325 573 ac
337 518 432 573 ventus
443 522 532 574 vitalis
544 523 641 590 inipso

58 590 178 658 Corpore,
190 590 237 657 qui
248 590 323 641 nobis
334 590 501 642 moribundos
513 591 609 643 deserit
620 596 700 645 artus.
851 595 899 644 130

93 659 267 727 Quapropter,
279 659 403 726 quoniam
416 665 455 710 est
467 659 550 710 animi
561 666 657 711 natura
668 665 771 728 reperta

56 727 146 796 Atque
158 728 261 794 animae,
274 728 347 796 quasi
359 745 419 796 pars
431 728 561 791 hominis3
579 729 657 780 redde
670 729 816 781 harmoniai

57 797 169 862 Nomen,
182 796 216 848 ab
228 797 349 864 organico
362 797 432 848 saltu
444 797 562 848 delatum
576 797 717 865 Heliconis,
730 842 733 848 .

57 865 118 918 Sive
130 865 238 918 aliunde
251 866 300 933 ipsi
312 880 388 934 porro
401 873 503 917 traxere
516 872 542 917 et
554 867 582 917 in
594 866 668 917 illam

57 935 270 1000 Transtuleruut,
282 936 386 1002 proprio
399 952 457 1001 quae
470 941 528 986 tum
540 952 580 986 res
592 935 696 987 nomine
709 936 819 1002 egebat;

57 1003 195 1071 Quidquid
206 1004 234 1055 id
246 1010 293 1071 est,
305 1003 420 1056 habeant
431 1023 438 1067 ;
456 1010 487 1055 tu
500 1009 586 1056 cetera
598 1005 701 1072 percipe
714 1006 791 1057 dicta.

226 1113 359 1164 Animum
370 1121 393 1164 ct
405 1111 526 1164 animam
537 1111 675 1180 conjuncta
687 1129 742 1163 csse.

90 1206 117 1258 N
118 1223 172 1257 unc
184 1205 302 1257 animum
314 1212 393 1272 atque
406 1206 522 1256 animam
534 1204 592 1255 dico
604 1205 746 1270 conjuncta
758 1205 841 1255 teneri

56 1274 135 1326 Inter
147 1292 182 1341 se,
194 1281 273 1341 atque
286 1291 365 1326 unam
378 1280 502 1325 naturam
514 1273 639 1324 conficere
651 1290 685 1324 ex
697 1290 737 1335 se;

56 1344 108 1396 Sed
121 1349 203 1411 caput
215 1360 269 1394 esse
282 1343 364 1410 quasi,
377 1349 404 1394 et
416 1342 546 1394 dominari
558 1343 586 1392 in
599 1358 704 1409 corpore
717 1348 772 1393 toto

19 1419 21 1426 '
57 1413 211 1478 Consilium,
224 1413 293 1479 quod
305 1429 351 1463 nos
364 1412 481 1464 animum
492 1414 660 1478 mentemque
672 1428 809 1462 vocamus:
851 1415 900 1464 140

57 1482 143 1550 quue
156 1482 237 1532 situm
249 1481 335 1532 media
347 1481 452 1548 regione
465 1481 493 1531 in
506 1480 617 1548 pectoris
629 1480 718 1532 haeret.

58 1551 110 1602 Hic
122 1550 241 1602 exsultat
252 1551 323 1601 enim
335 1567 416 1617 pavor
427 1567 458 1601 ac
471 1556 574 1612 metus;
593 1549 648 1600 haec
660 1549 717 1600 loca
729 1549 826 1601 circum

36 1663 37 1666 ,
57 1616 170 1672 Laetitia
183 1618 316 1682 mulcent;
335 1619 378 1670 hic
391 1635 451 1684 ergo
463 1635 536 1670 mens
549 1618 703 1686 animusque
715 1624 761 1671 est.

32 1707 39 1718 ’
58 1688 150 1741 Cetera
162 1705 222 1757 pars
234 1689 328 1740 animae
341 1705 388 1755 per
399 1694 485 1739 totum
497 1687 588 1739 dissita
600 1705 693 1756 corpus

58 1756 144 1824 Paret,
157 1763 185 1808 et
197 1757 231 1808 ad
243 1774 341 1809 numen
353 1756 449 1808 mentis
461 1773 615 1824 momenque
627 1763 747 1809 movetur
754 1776 761 1821 ;

58 1826 144 1894 quue
157 1826 207 1877 sibi
220 1826 303 1878 solum
315 1842 362 1894 per
374 1843 400 1878 se
413 1825 489 1893 sapit,
502 1834 529 1877 et
542 1825 590 1876 sibi
602 1825 700 1893 gaudet
710 1842 723 1888 3v

57 1894 149 1956 Quum
161 1911 246 1962 neque
257 1912 298 1946 res
310 1895 432 1961 animam,
445 1911 529 1961 neque
542 1911 634 1961 corpus
646 1902 791 1947 commovet
804 1913 863 1948 una.

56 1963 91 2016 Et
103 1963 181 2032 quasi
193 1981 273 2032 quum
286 1970 367 2030 caput
379 1970 426 2014 aut
438 1963 536 2027 oculus,
548 1969 669 2015 tentante
681 1963 774 2029 dolore,

58 2033 181 2084 Laeditur
192 2032 221 2083 in
232 2032 313 2096 nobis,
326 2049 380 2083 non
392 2033 463 2083 omui
475 2032 671 2083 concruciamur

57 2101 169 2170 Corpore
179 2119 186 2164 ;
205 2101 242 2152 sic
254 2101 357 2152 animus
369 2117 558 2170 nonnunquam
570 2100 675 2153 laeditur
686 2101 748 2169 ipse,
850 2105 898 2153 150

59 2167 216 2238 liaetitiaque
228 2171 307 2236 viget,
319 2187 402 2237 quum
414 2175 500 2221 cetera
512 2188 571 2237 pars
580 2170 680 2222 animai

56 2238 106 2292 Per
117 2237 236 2291 membra
247 2245 328 2305 atque
340 2245 413 2290 artus
425 2239 499 2289 nulla
511 2239 628 2290 novitate
640 2239 731 2290 cietur.

57 2308 164 2375 Verum,
177 2307 224 2359 ubi
236 2307 385 2358 vehementi
395 2307 480 2375 magis
492 2314 531 2359 est
543 2314 672 2358 commota
683 2312 757 2357 metu
768 2323 850 2372 meus,

56 2377 210 2430 Consentire
222 2376 338 2428 animam
350 2383 433 2428 totam
446 2393 492 2444 per
503 2375 620 2426 membra
632 2374 758 2440 videmus,

57 2445 222 2514 Sudoreeque
233 2445 272 2497 ita
283 2445 461 2525 palloremque
474 2445 596 2496 exsistere
609 2448 664 2494 toto

57 2515 175 2584 Corpore,
188 2520 216 2566 et
227 2513 338 2580 infringi
350 2513 469 2580 linguam
481 2528 621 2578 vocemque
633 2510 736 2578 aboriri,

57 2583 177 2652 Caligare
188 2583 283 2649 oculor,
296 2599 384 2634 sonere
396 2599 478 2648 aures,
490 2580 622 2632 succidere
634 2585 713 2631 artus.

89 2653 213 2720 Denique
225 2651 360 2704 concidere
372 2668 406 2702 ex
418 2650 500 2703 animi
511 2656 609 2702 terrore
620 2648 742 2702 ridemus
