1928 2964
289 563 325 622 T.
359 563 602 621 LUCRETII
635 565 753 622 CARI

501 730 535 763 DE

198 862 461 953 RERUM
527 864 830 955 NATURA

357 1063 465 1117 LIBER
482 1064 673 1122 SECUNDUS.

451 1215 581 1239 mmm

92 1348 195 1416 Suus,
208 1349 277 1402 mari
289 1367 385 1418 magno
397 1349 566 1403 turbantibus
578 1366 682 1418 aequora
694 1351 787 1416 ventis,

92 1418 113 1470 E
124 1426 198 1471 terra
209 1436 337 1486 magnum
350 1419 457 1476 alterius
469 1425 586 1487 spectare
598 1418 728 1482 laborem;

92 1487 158 1554 Non,
172 1489 238 1557 quia
250 1488 341 1541 vexari
353 1505 512 1556 quemquam
523 1496 563 1540 est
572 1488 693 1556 jucunda
704 1488 833 1558 voluptas,

92 1555 150 1624 seu,
162 1557 261 1625 quibus
273 1557 329 1624 ipse
340 1557 417 1609 malis
429 1574 524 1624 careas,
538 1557 601 1626 quia
613 1575 717 1610 cernere
730 1575 809 1611 suave
821 1565 868 1614 est.

92 1625 141 1678 Per
153 1643 261 1693 campos
273 1626 410 1692 instructa,
423 1632 471 1678 tun
482 1627 538 1678 sine
551 1632 626 1695 parte
638 1627 737 1694 pericli,

91 1693 177 1747 Suave
189 1695 280 1759 etiam,
292 1693 355 1747 belli
367 1696 512 1748 certamina
522 1713 620 1763 magna
632 1697 708 1749 tueri.

43 1788 50 1803 ··
91 1762 140 1816 Sed
152 1764 193 1816 nil
206 1763 312 1816 dulcius
323 1769 371 1830 est,
382 1764 449 1817 bene
461 1782 541 1833 quam
552 1765 657 1817 munita
668 1771 757 1819 tenere

91 1833 171 1886 Edita
183 1833 305 1886 doctrina
318 1833 468 1901 sapientum
479 1834 580 1916 templa
592 1851 695 1896 serena;

43 1932 47 1937 -
90 1901 230 1971 Respicere
242 1902 315 1954 unde
327 1919 406 1970 queas
418 1903 490 1970 alios,
503 1921 652 1972 passimque
664 1904 752 1958 videre

90 1970 190 2038 Errare,
203 1976 287 2039 atque
299 1971 371 2024 viam
382 1972 502 2040 palantes
515 1989 628 2041 quaerere
641 1973 712 2041 vitae,
897 1976 929 2024 10

90 2040 195 2094 Cartare
206 2040 323 2110 ingenio,
337 2042 493 2094 contendere
505 2041 651 2108 nobilitate,

88 2109 184 2164 Noctes
196 2114 280 2178 atque
292 2109 348 2162 dies
360 2111 412 2163 niti
423 2117 565 2180 prestante
576 2110 664 2164 labore

88 2179 128 2230 Ad
140 2196 260 2234 summas
271 2196 403 2248 emergere
415 2197 484 2248 opes,
495 2197 635 2248 rerumque
648 2181 735 2249 potiri.

43 2282 48 2355 Ι
251 2292 486 2365 Βονιὲτίοοαῑμήσα
497 2295 755 2349 etottitioeltamoooe.

43 2362 48 2405 ⁵
119 2381 140 2434 0
151 2381 266 2435 miseras
276 2360 415 2432 hominum
426 2385 543 2435 mentes!
563 2398 578 2433 o
590 2392 694 2448 pectora
706 2381 788 2432 coeca!

88 2448 216 2512 Qualibus
227 2449 259 2502 in
270 2448 386 2502 tenebris
398 2449 460 2501 vite
472 2449 631 2516 quantisque
642 2447 746 2517 periclis
811 2506 816 2523 1

87 2517 198 2588 Degitnr
209 2518 262 2571 hoo
273 2517 333 2585 tevi,
346 2517 528 2586 quodcumque
541 2521 593 2571 est!
613 2517 706 2568 Nonne
715 2511 832 2579 videtis}

87 2586 127 2640 Ril
138 2587 216 2643 eliud
228 2586 281 2641 sibi
292 2592 418 2640 naturam
429 2586 534 2656 latsare,
546 2585 599 2639 nisi
609 2591 650 2655 ut,
658 2583 703 2637 cui
