1964 2970
349 162 457 216 LIBER
474 162 612 216 SEXTUS.
850 165 900 214 219

101 264 264 334 Quapropter
274 263 340 316 bene
353 264 397 317 ubi
409 265 465 316 haec
477 263 629 316 confirmata
641 268 720 330 atque
732 262 818 314 locata

65 333 161 387 Omnia
173 335 339 386 constiterint
350 334 424 385 nobis
436 339 574 402 praeposta,
586 339 694 399 parata;

64 404 141 467 Quod
153 409 276 471 superest,
288 403 366 454 facile
379 402 441 454 hinc
452 404 519 454 ratio
531 403 661 467 reddetur,
674 407 701 452 ct
712 400 796 452 omnis

65 472 151 524 (lausa
162 472 277 540 patefiet,
290 489 348 540 quae
360 473 424 523 ferri
436 472 551 539 pelliciat
563 471 624 523 vim.
834 471 901 521 1000

100 540 240 608 Principio,
248 541 327 592 fluere
340 558 354 592 e
366 541 453 609 lapide
465 541 514 592 hoc
526 540 657 609 permulta
668 555 771 591 necesse
784 544 824 590 est

64 607 177 675 Seniina,
191 610 245 661 sive
257 616 357 676 aestum,
370 611 416 678 qui
429 610 537 661 discutit
549 611 611 662 aera
622 609 720 677 plagis:

64 677 139 730 Inter
151 678 198 745 qui
209 678 323 746 lapidem
335 680 484 746 ferrumque
497 685 536 730 est
548 695 660 745 cumque
672 678 779 732 locatus.

64 746 123 799 Hoc
135 748 182 799 ubi
194 748 312 799 inanitur
324 749 446 816 spatium,
458 747 610 814 multusque
622 747 717 798 vacefit

64 814 98 867 In
110 817 195 868 medio
207 816 294 878 locus;
312 816 444 882 extemplo
456 816 597 884 primordia
608 815 670 867 ferri

64 884 98 937 In
110 902 223 936 vacuum
235 885 355 953 prolapsa
368 885 466 936 cadunt
478 887 625 951 conjuncta,
637 884 669 935 fit
680 889 763 951 utque

64 953 187 1005 Annulus
199 955 254 1022 ipse
266 959 396 1021 sequatur,
409 958 503 1021 eatque
515 954 554 1005 ita
566 970 670 1020 corpore
682 959 744 1006 toto.

63 1022 119 1074 Nec
131 1039 171 1074 res
183 1023 239 1074 0110
250 1023 334 1090 magis
346 1022 501 1090 primoribus
513 1040 547 1075 ex
559 1022 694 1074 elementis

64 1091 225 1159 Indupedita
237 1092 291 1143 suis
303 1098 374 1143 arcte
386 1108 504 1143 connexa
515 1091 636 1157 cohaeret,

64 1160 151 1223 Quam
162 1160 244 1212 validi
255 1161 318 1212 ferri
329 1165 431 1212 naturae
443 1160 555 1227 frigidus
567 1160 663 1212 horror.
833 1162 900 1211 1010

64 1229 122 1292 Quo
133 1228 221 1280 minus
232 1235 273 1280 est
284 1230 388 1294 mirum,
400 1229 470 1296 quod
482 1229 587 1295 dicitur,
599 1245 633 1280 ex
645 1228 779 1281 elementis

64 1298 176 1366 Corpora
188 1298 210 1349 si
222 1305 357 1365 nequeunt
370 1299 481 1350 deserto
493 1298 570 1366 plura
582 1303 670 1350 coorta

64 1366 97 1418 In
109 1383 224 1418 vacuum
235 1368 306 1434 ferri,
319 1367 383 1434 quin
395 1367 509 1419 annulus
521 1367 576 1434 ipse
589 1372 728 1434 sequatur:

64 1435 140 1499 Quod
152 1436 232 1499 facit3
251 1442 278 1489 et
290 1437 409 1504 sequitur
421 1437 503 1488 donec
514 1436 634 1504 pervenit
646 1436 680 1487 ad
692 1435 779 1503 ipsum

63 1504 83 1556 J
83 1521 127 1556 am
139 1504 261 1572 lapidem,
274 1506 399 1572 caecisque
411 1506 440 1557 in
452 1522 482 1557 eo
495 1504 662 1572 compagibus
674 1504 758 1556 haesit.

63 1573 122 1624 Hoc
133 1573 165 1625 fit
176 1573 241 1624 item
252 1581 360 1627 cunctas
372 1575 400 1626 in
412 1581 506 1642 partes,
519 1573 590 1625 unde
602 1573 696 1625 racefit

64 1642 203 1710 Quumque
214 1642 293 1708 locus,
306 1644 360 1695 sive
372 1661 406 1695 ex
419 1651 571 1708 transverso,
585 1643 639 1694 sive
652 1659 771 1710 superne,

63 1711 176 1778 Corpora
188 1713 312 1763 continuo
324 1713 352 1763 in
365 1729 476 1764 vacuum
488 1712 575 1764 vicina
586 1712 715 1764 feruntur.

63 1779 167 1847 Quippe
179 1780 316 1846 agitantur
328 1782 399 1832 enim
410 1781 495 1848 plagis
507 1781 621 1847 aliunde,
633 1797 681 1832 000
694 1781 751 1848 ipsa

62 1847 161 1916 Sponte
174 1865 221 1899 000
233 1866 336 1900 sursum
348 1856 457 1917 possunt
470 1866 624 1916 consurgere
636 1849 664 1900 in
676 1866 760 1901 auras.
832 1851 899 1899 1020

98 1917 159 1968 Huc
171 1917 272 1970 accedit
284 1918 355 1983 item,
368 1934 448 1985 quare
460 1924 539 1987 queat
551 1919 578 1970 id
589 1918 673 1984 magis
686 1935 740 1969 esse
748 1935 760 1969 :⁴

63 1986 127 2038 Hac
141 2003 242 2054 quoque
254 2003 296 2037 res
308 1987 459 2054 adjumento
471 1992 595 2054 motuque
605 1988 730 2055 juvatur:

62 2055 137 2118 Quod
151 2055 228 2106 simul
241 2073 257 2107 0
268 2056 356 2106 fronte
368 2062 407 2106 est
419 2056 518 2107 annelli
529 2057 611 2108 rarior
622 2058 669 2108 aer

62 2123 165 2190 Factus,
178 2124 344 2192 inanitusque
357 2123 428 2176 locus
439 2124 523 2191 magis
535 2141 565 2176 00
577 2130 720 2186 0000000ος

62 2193 192 2244 Continuo
204 2192 243 2258 fit,
256 2194 303 2256 uti,
316 2194 362 2261 qui
374 2199 486 2261 postest
498 2209 610 2260 cumque
622 2193 725 2245 locatus
823 2195 826 2200 ’

61 2261 123 2327 Aer,
136 2277 152 2312 a
164 2266 238 2328 tergo
250 2263 326 2329 quasi
338 2262 466 2330 provehat
478 2268 558 2328 atque
570 2262 708 2330 propellat.

61 2329 169 2397 Semper
180 2331 251 2381 enim
263 2331 361 2383 circum
373 2332 473 2399 positus
484 2348 525 2382 res
537 2331 656 2383 verberat
667 2333 720 2383 air.

61 2397 112 2450 Sed
125 2398 173 2449 tali
185 2397 216 2450 fit
228 2399 269 2450 uti
281 2400 410 2468 propellat
422 2406 539 2468 tempore
550 2399 657 2464 ferrum,

61 2466 141 2519 Parte
153 2467 222 2534 quod
234 2485 268 2519 ex
280 2485 334 2520 una
347 2470 462 2536 spatium
475 2475 559 2534 vacat,
573 2473 599 2519 et
612 2468 684 2536 capit
696 2468 724 2519 in
737 2485 770 2520 se.

62 2535 115 2587 Hic
127 2535 183 2602 tibi,
196 2553 274 2603 quem
285 2554 406 2602 memoro,
418 2555 465 2604 per
477 2536 566 2588 crebra
578 2536 709 2589 foramina
718 2537 787 2587 terri
832 2539 906 2584 1000

62 2604 160 2656 Parvas
171 2605 204 2655 ad
218 2611 305 2672 partes
318 2605 453 2661 subtiliter
465 2607 635 2674 insinuatus,
751 2669 758 2681 ι

54 2672 149 2722 Tradit
160 2678 188 2723 et
197 2672 329 2743 impellit:
350 2679 432 2750 quasi
444 2697 535 2736 naves
546 2678 672 2747 0010000
681 2675 794 2726 00000-
