1928 2964
71 144 105 192 54
376 141 404 193 Τ.
423 140 590 193 nucleum

72 238 192 290 Materia
205 244 279 291 tanto
291 239 320 290 in
332 240 424 307 pelago
436 239 565 307 turbaque
577 239 680 291 alienal
859 245 874 293 5

70 307 139 374 Non,
150 314 182 359 ut
195 309 293 388 opinor,
306 309 405 359 habent
416 309 544 359 rationem
557 309 726 360 conciliandi:

72 376 130 442 Sed,
143 394 219 444 quasi
230 377 375 444 naufragiis
387 377 490 443 magnis
501 377 643 444 multisque
655 378 758 445 coortis,

71 445 215 512 Disjectare
228 446 292 497 solet
304 464 430 512 magnum
442 463 514 497 mare
526 452 647 512 transtra,
660 445 779 513 guberna
785 456 806 514 ¹,

71 514 215 581 Antennas,
227 533 337 582 proram,
350 515 438 580 malos,
451 521 598 581 tonsasque,
609 521 739 581 natantes,

72 582 122 635 Per
135 589 263 635 terrarum
275 601 363 636 omnes
376 601 432 635 oras
444 583 579 635 fluitantia
590 583 709 651 aplustra

72 652 108 702 Ut
121 652 266 716 videantur,
279 659 307 704 et
319 653 445 704 indicium
457 652 610 704 mortalibus
623 653 710 719 edant,

74 720 155 771 Infidi
167 721 247 773 maris
259 722 368 773 insidias
380 722 497 789 viresque
510 721 650 788 dolumque

72 789 109 840 Ut
121 790 204 841 vitare
216 791 306 856 velint,
319 808 385 842 neve
397 791 451 841 ullo
463 797 579 857 tempore
591 791 706 857 credunt,

72 857 186 910 Subdola
198 876 280 927 quum
291 860 361 911 ridet
372 859 470 927 placidi
481 859 593 927 pellacia
604 860 693 926 ponti:

72 926 114 978 sic
127 926 183 992 tibi,
196 929 218 979 si
230 928 306 981 finita
318 927 397 980 semel
409 928 550 995 primordia
562 928 683 995 quaedam
858 934 874 981 5

73 996 227 1062 constitues,
241 1015 325 1049 aevum
338 996 470 1049 debebunt
483 1015 571 1064 sparsa
583 1014 629 1065 per
641 1014 745 1049 omnem

72 1064 216 1137 Disjectare
229 1073 307 1118 aestus
320 1066 415 1118 diversi
428 1067 562 1118 materiai:

73 1134 215 1202 Nunquam
227 1136 255 1187 in
268 1135 407 1188 concilium
419 1142 450 1186 ut
463 1136 562 1203 possint
575 1134 708 1202 compulsa
719 1135 795 1203 coire,

72 1203 98 1254 N
99 1221 127 1255 ec
139 1205 261 1256 remorari
273 1206 302 1257 in
314 1204 430 1271 concilio,
442 1222 491 1256 nec
503 1221 615 1256 crescere
627 1204 757 1256 adaucta:

74 1267 193 1332 Quorum
206 1280 345 1342 utrumque
357 1274 445 1342 palam
457 1273 513 1325 fieri
524 1274 664 1325 manifesta
676 1273 752 1325 docet
763 1291 813 1340 res,

74 1340 109 1392 Et
120 1359 160 1392 res
173 1344 301 1410 progigni,
314 1350 340 1395 et
352 1343 454 1409 genitas
466 1359 627 1410 procrescere
638 1359 725 1410 posse:

73 1410 136 1461 Esse
148 1411 231 1477 igitur
242 1429 336 1478 genere
348 1412 376 1462 in
389 1412 480 1479 quovis
492 1411 634 1480 primordia
645 1428 733 1463 rerum

74 1478 182 1531 Infinita
194 1480 282 1548 palam
294 1486 340 1547 est,
353 1481 423 1532 unde
435 1481 522 1532 omnia
535 1480 744 1548 suppeditantur.

108 1548 133 1598 N
134 1565 163 1599 ec
176 1566 296 1616 superare
309 1556 410 1616 queunt
421 1556 507 1602 motus
519 1550 609 1616 itaque
621 1549 741 1600 exitiales

74 1616 211 1685 Perpetuo,
223 1635 308 1686 neque
319 1619 347 1670 in
361 1625 487 1671 aeternum
500 1619 607 1687 sepelire
620 1618 732 1670 salutem
739 1635 748 1682 ς
860 1622 874 1670 fi

75 1686 129 1737 Nec
140 1704 216 1754 porro
227 1704 314 1740 rerum
326 1689 452 1754 genitales
465 1689 631 1756 auctificique

76 1755 166 1807 Motus
178 1763 303 1824 perpetuo
316 1763 424 1825 possunt
437 1775 536 1809 servare
549 1763 643 1808 creata.

75 1824 117 1875 Sic
130 1842 204 1892 aequo
216 1827 316 1892 geritur
328 1827 470 1879 certamine
482 1827 669 1895 principiorum

75 1893 116 1945 Ex
128 1894 233 1946 infinito
245 1902 407 1948 contractum
419 1902 536 1964 tempore
547 1895 660 1947 bellum:

75 1963 100 2014 N
101 1981 152 2014 unc
164 1963 214 2030 hic,
227 1981 298 2017 nnnc
310 1966 365 2017 illic
377 1970 502 2032 superant
514 1965 606 2016 vitalia
617 1981 712 2030 rerum,

75 2033 110 2083 Et
123 2040 279 2100 superantur
291 2034 369 2097 item;
387 2035 512 2085 miscetur
523 2036 615 2085 funere
627 2050 713 2100 vagor,

76 2102 162 2161 Quem
173 2103 248 2170 pueri
260 2103 357 2155 tollunt
370 2104 482 2155 visentes
494 2103 601 2154 luminis
614 2119 684 2154 oras:

75 2171 130 2223 Nec
142 2189 195 2222 nox
207 2172 263 2223 ulla
274 2173 351 2239 diem,
363 2189 448 2239 neque
459 2178 563 2224 noctem
575 2189 669 2223 aurora
680 2176 770 2224 secuta
781 2177 828 2237 est,

77 2241 139 2303 Quae
152 2259 205 2292 non
217 2241 329 2293 audierit
340 2241 437 2292 mixtos
449 2241 582 2307 vagitibus
595 2241 671 2307 aegris

76 2309 203 2376 Ploratns‚
215 2311 306 2362 mortis
319 2310 425 2362 comites
438 2316 464 2361 et
476 2310 575 2361 funeris
588 2311 646 2362 atri.
863 2314 874 2362 t

112 2380 182 2431 Illud
195 2381 223 2432 in
236 2381 276 2432 his
289 2380 455 2447 obsignatum
467 2396 570 2447 quoque
581 2379 659 2431 rebus
670 2377 766 2431 habere

76 2449 210 2515 Convenit,
223 2456 250 2502 et
262 2450 369 2501 memori
381 2449 537 2501 mandatum
548 2454 636 2499 mente
649 2454 751 2501 tenere:

76 2517 120 2568 Nil
133 2535 194 2584 esse,
207 2519 235 2570 in
247 2526 370 2588 promptu
383 2535 493 2587 quorum
505 2524 600 2569 natura
612 2518 724 2583 ridetur,

77 2587 151 2650 Quod
164 2604 257 2654 genere
270 2606 302 2640 ex
314 2606 367 2640 uno
380 2588 504 2640 consistat
516 2587 715 2654 principiorum:

375 2688 382 2707 ¹
396 2696 459 2724 curva
469 2684 552 2730 cortun
567 2682 613 2721 MS.
