1928 2964
129 157 163 208 18
441 155 470 221 Τ.
488 156 655 210 Lucuuull

128 255 233 308 Transit
246 255 317 307 enim
329 254 430 308 fulmen
442 256 500 308 coeli
513 275 560 324 per
572 267 647 326 septa
658 258 802 325 domorum,
917 262 960 312 49<

129 325 231 377 Clamor
243 329 274 376 ut
286 341 317 376 ac
330 342 419 389 voces;
437 326 537 377 ferrum
550 327 683 379 candescit
695 329 723 379 in
736 328 808 396 igni3

127 393 320 461 Dissiliuntque
331 394 385 446 fere
397 394 512 447 ferventi
524 413 588 447 saxa
601 413 710 463 vapore:

129 462 348 515 Gollabefactatus
360 464 430 530 rigor
442 464 502 515 auri
514 464 625 516 solvitur
637 471 720 517 aestu:

128 531 196 583 Tum
207 531 304 598 glacies
316 533 384 584 aiiris
396 533 503 584 flamma
515 533 619 585 devicta
631 533 767 601 liquescit:
837 550 840 554 ’

128 599 270 652 Permanet
282 600 352 652 calor
364 608 504 670 argentum
516 602 702 670 penetraleque
714 603 807 670 frigus,

130 669 240 732 Quando
252 675 394 737 utrumque
406 688 496 737 manu,
507 671 651 723 retinentes
663 672 759 739 pocula
769 673 828 740 rite,
861 681 867 694 “

129 737 271 804 Sensimus,
283 737 371 790 infuso
383 738 553 807 lympharum
565 757 621 791 rore
634 758 760 808 superne:

129 805 218 874 Usque
231 806 295 859 adeo
307 807 337 858 in
348 807 425 859 rebus
438 808 514 860 solidi
526 809 595 869 nihil
607 827 662 861 esse
674 809 787 864 videtur.

455 921 577 975 Solidam
588 940 643 976 ecce.

131 1003 182 1058 Sed
194 1005 256 1073 quia
269 1022 330 1057 vera
342 1011 432 1057 tamen
443 1006 511 1058 ratio
523 1013 670 1074 naturaque
681 1023 770 1059 rerum

132 1074 214 1142 Cogit,
227 1074 297 1138 ades,
309 1075 400 1142 paucis
413 1075 476 1126 dum
488 1075 605 1128 versibus
617 1077 795 1144 expediamus,
920 1081 960 1132 tot

130 1142 194 1196 Esse
206 1161 244 1211 ea,
257 1160 315 1211 quse
328 1143 409 1196 solido
421 1150 500 1211 atque
513 1151 610 1196 aeterno
623 1161 727 1214 corpore
739 1151 861 1199 constent

131 1213 237 1266 Semina
249 1231 308 1281 quae
320 1231 408 1265 rerum
420 1213 614 1281 primordiaque
626 1231 680 1265 esse
692 1214 827 1268 docemus:

130 1282 208 1335 Unde
220 1283 304 1335 omnis
315 1299 403 1335 rerum
415 1300 486 1334 nunc
498 1289 600 1334 constet
613 1301 715 1336 summa
726 1290 822 1337 creata

167 1352 307 1419 Principio,
319 1352 444 1422 quoniam
456 1350 554 1420 duplex
567 1358 663 1405 natura
675 1352 788 1404 duarum

131 1419 272 1473 Dissimilis
283 1438 372 1473 rerum
383 1419 460 1487 longe
472 1429 591 1473 constare
602 1428 706 1489 reperta
718 1427 765 1488 est,

132 1489 250 1557 Corporis
262 1495 342 1559 atque
353 1489 411 1555 loci,
423 1506 464 1541 res
476 1490 505 1540 in
517 1507 568 1558 quo
580 1507 692 1558 quaeque
703 1495 833 1558 geruntur
840 1510 848 1556 ;

131 1557 195 1610 Esse
207 1564 347 1627 utramque
359 1558 408 1610 sibi
419 1576 466 1627 per
478 1576 511 1626 se,
524 1576 669 1627 puramque
681 1577 785 1612 necesse
797 1567 855 1614 est:

131 1626 202 1680 Nam
213 1645 376 1696 quacumque
389 1634 466 1680 vacat
478 1629 602 1696 spatium,
615 1628 685 1696 quod
696 1629 775 1681 inane
787 1647 920 1698 vocamus,

133 1696 230 1764 Corpus
243 1714 273 1749 ea
285 1714 338 1749 non
351 1703 402 1749 est:
421 1715 474 1764 qua
485 1715 560 1765 porro
573 1715 707 1765 quumque
719 1703 793 1750 tenet
805 1716 832 1751 se

133 1765 238 1833 Corpus,
251 1784 281 1818 ea
293 1783 407 1818 vacuum
418 1784 585 1834 nequaquam
597 1772 701 1819 constat
712 1767 798 1820 inane.
920 1772 960 1821 51<

132 1833 202 1887 Sunt
214 1835 296 1902 igitur
309 1835 391 1888 solida
403 1853 433 1888 ac
446 1836 501 1887 sine
513 1837 588 1887 inani
599 1853 707 1904 corpora
717 1836 810 1903 prima

147 1916 150 1921 ’
167 1904 304 1971 Praeterea,
317 1905 440 1972 quoniam
451 1905 548 1971 genitis
560 1905 588 1956 in
600 1904 677 1956 rebus
688 1906 767 1958 inane
779 1910 827 1972 est,
920 1936 923 1944 ·

132 1971 271 2026 Materiem
283 1974 382 2025 circum
394 1974 504 2026 solidam
516 1981 634 2026 constare
646 1991 749 2026 necesse
761 1980 815 2028 est:

132 2041 188 2095 Nec
199 2060 240 2094 res
252 2042 308 2094 ulla
319 2049 406 2110 potest
419 2060 479 2095 vera
490 2043 591 2095 ratione
603 2043 707 2110 probari

133 2111 244 2180 Corpore
255 2112 334 2164 inane
347 2129 393 2163 suo
405 2111 489 2164 celare
500 2118 580 2180 atque
592 2113 664 2164 intus
677 2112 788 2176 habere;

133 2180 162 2233 si
173 2198 234 2248 non,
247 2180 316 2248 quod
329 2181 439 2247 cohibet,
453 2181 565 2233 solidum
579 2189 697 2232 constare
709 2182 850 2251 relinquas.

133 2248 168 2301 Id
180 2267 255 2318 porro
267 2249 341 2315 nihil,
354 2267 408 2301 esse
420 2256 513 2317 potest,
525 2250 577 2301 nisi
588 2251 709 2302 materiai

133 2319 286 2386 Concilium,
298 2319 368 2386 quod
380 2320 459 2370 inane
471 2325 551 2388 queat
562 2337 650 2371 rerum
662 2318 790 2373 cohibere.

132 2386 257 2440 Materies
269 2389 357 2456 igitur,
371 2388 452 2440 solido
464 2406 523 2455 quae
536 2405 640 2456 corpore
652 2394 762 2455 constat,

133 2457 195 2510 Esse
207 2465 307 2510 aeterna
318 2464 412 2525 potest,
421 2473 482 2508 cum
494 2463 580 2508 cetera
592 2457 779 2510 dissoluantur.
920 2463 960 2513 52<

169 2526 236 2577 Tum
249 2544 325 2594 porro
337 2527 359 2578 si
371 2526 410 2577 nil
422 2532 513 2592 essetr,
523 2527 593 2592 quod
605 2527 683 2577 inane
696 2532 809 2594 vacaret,

134 2594 218 2651 Omne
231 2595 298 2648 foret
310 2595 423 2647 solidum
433 2615 440 2659 ;
459 2595 510 2647 nisi
522 2603 613 2647 contra
625 2612 733 2662 corpora
744 2612 804 2648 cora

405 2694 414 2717 ⁹
428 2689 530 2740 siquidem
541 2689 593 2729 nihil
603 2694 644 2735 sm
661 2688 707 2728 Mo.
