1928 2964
76 143 111 192 80
391 138 420 191 Τ.
439 138 606 192 uuerden

76 241 218 308 Nimirum,
230 239 294 308 quia
304 239 391 292 multa
402 240 558 308 minutoque
570 242 670 293 semine
682 259 773 296 suecos

76 310 204 362 Effioiunt
217 317 245 362 et
257 309 362 362 odorem
373 310 403 360 in
414 315 470 361 toto
483 326 588 378 corpore
599 327 694 364 rerum

284 419 401 472 Tertiam
412 419 534 472 animm
545 437 594 472 erse
606 429 723 474 mntem
753 422 757 435 '

77 510 165 574 Quare
177 510 258 563 etiam
270 516 350 577 atque
362 511 443 563 etium
455 512 550 563 mentis
562 517 686 563 naturum
697 512 846 582 unimaequo

76 579 151 632 Scire
163 581 225 631 lieet
237 597 364 647 perquam
376 581 502 648 pauxillis
515 597 569 632 esse
581 587 697 632 creatam
871 586 892 634 u:

76 647 226 700 Seminibus
237 667 244 711 ;
262 649 385 716 quonium
398 649 502 715 fugiens
515 649 554 700 nil
565 649 687 717 ponderis
699 651 794 704 aufert.

110 717 166 769 Nec
179 722 269 768 tamen
281 718 337 769 haec
350 718 461 785 simplex
472 717 547 769 nobis
559 724 655 770 nutura
667 719 788 786 putendn
800 725 853 774 est:

75 786 173 838 Tenuis
186 786 257 837 enim
268 787 390 853 quaedum
401 786 569 838 moribundos
582 787 677 839 deserit
689 804 754 840 eura

75 854 166 908 Mixto
178 871 274 922 vapore
285 874 293 918 ;
311 872 392 923 vapor
403 872 479 923 porro
491 855 574 907 trehit
586 857 649 908 uera
660 873 768 920 seoum;

75 923 101 975 N
102 940 131 976 ee
144 924 214 976 oelor
226 929 266 975 ost
278 924 424 991 quisquam,
438 924 482 975 cui
493 941 547 975 non
559 925 594 975 sit
605 925 706 976 mixtus
719 932 747 978 et
758 926 812 979 uer.

77 993 147 1045 Rara
159 992 228 1074 quod
241 994 298 1060 ejus
310 992 381 1044 enim
393 998 496 1044 constet
508 999 613 1058 nature,
625 1009 728 1045 neeesse
741 1000 782 1046 est

75 1062 152 1114 Aeris
164 1069 234 1114 inter
246 1061 460 1130 eumprimordie
471 1061 557 1113 multa
568 1062 674 1114 moveri.

110 1131 130 1184 J
131 1149 175 1183 am
187 1131 284 1199 triplex
296 1130 378 1182 animi
391 1137 430 1182 est
442 1131 525 1199 igitur
537 1136 634 1182 natura
645 1136 757 1198 reperte.

75 1199 101 1251 N
101 1217 131 1252 eo
142 1207 232 1252 tamen
244 1199 299 1251 haeo
312 1206 353 1251 sut
365 1206 427 1250 sunt
438 1200 471 1251 ud
486 1216 592 1251 sensum
605 1211 701 1252 cuncta
713 1201 856 1254 creandum
866 1220 873 1265 ;

75 1269 121 1320 Nil
133 1270 227 1321 horum
239 1270 363 1336 quonium
374 1269 468 1336 recipit
480 1285 553 1319 mens
566 1285 640 1336 posse
652 1286 740 1321 oreore
868 1274 892 1322 24

77 1338 219 1392 Semiferos
231 1345 326 1405 motus,
339 1337 459 1405 quaedam
472 1338 518 1405 qui
530 1344 619 1389 mente
630 1337 761 1391 volutent

232 1507 238 1518 ,
270 1445 399 1511 Quartam
410 1445 467 1498 eine
479 1444 585 1497 nomine
596 1444 724 1498 unimam.

75 1542 176 1605 Quarta
190 1556 292 1608 quoque
304 1540 345 1591 his
357 1539 440 1606 igitur
453 1539 574 1606 quaedum
585 1544 681 1592 notura
692 1557 798 1594 neeesse
810 1545 849 1596 est

74 1610 260 1661 Attribuutur:
279 1626 310 1660 ea
322 1615 361 1660 est
374 1609 479 1660 omnino
491 1609 603 1660 nominis
616 1625 725 1676 expers:

75 1677 133 1741 Qua
145 1695 230 1746 neque
240 1678 363 1729 mobilius
375 1677 519 1744 quidquam
532 1695 616 1744 neque
629 1678 735 1731 tenuius
748 1684 845 1747 exstat,

73 1747 99 1799 N
100 1764 128 1798 eo
140 1748 224 1815 magis
236 1765 251 1799 e
262 1747 349 1815 parvis
362 1753 388 1798 et
401 1746 509 1798 laevibus
522 1763 555 1797 ex
567 1747 720 1800 elementis:
875 1750 881 1758 '

74 1815 214 1868 Sensiferos
226 1824 312 1868 motus
325 1832 384 1882 quae
396 1815 481 1867 diditb
493 1815 578 1883 prima
589 1833 635 1883 per
647 1820 726 1870 artus

73 1884 163 1937 Prima
175 1886 259 1937 cietur
270 1885 341 1938 enim
352 1885 439 1952 parvis
451 1884 568 1952 perfectu
578 1884 669 1951 figuris
679 1903 687 1949 3

74 1954 140 2006 Inde
152 1954 221 2007 calor
233 1960 320 2007 motus
332 1959 358 2006 et
370 1953 444 2006 venti
456 1970 525 2005 eaeeu
536 1959 651 2020 potestus

72 2024 194 2091 Accipit;
212 2023 273 2075 inde
285 2025 337 2088 uir,
349 2022 411 2074 inde
423 2023 511 2074 omnia
521 2022 719 2076 mobilituntur:

73 2092 229 2144 concutitur
241 2091 354 2158 sanguis,
367 2096 425 2142 tum
437 2092 535 2143 viscera
547 2091 740 2159 persentiscunt
866 2097 892 2146 tl

73 2162 168 2214 Omnia
178 2180 184 2223 ;
202 2159 337 2229 postremis
350 2159 429 2211 datur
440 2160 539 2212 ossibus
551 2166 631 2227 utque
642 2160 773 2229 medullis,

72 2231 132 2284 Sive
144 2231 265 2298 voluptas
278 2234 324 2295 est,
337 2229 391 2280 sive
404 2236 443 2280 est
455 2229 600 2281 contrarius
612 2229 695 2282 ordor.

106 2300 161 2352 Neo
173 2306 270 2351 temere
277 2299 329 2350 huc
342 2297 414 2349 dolor
423 2314 504 2365 usque
512 2303 597 2365 potest
605 2304 750 2366 penetrare,
759 2317 846 2370 nepue
858 2316 892 2353 ao]

72 2368 227 2421 Permanere
238 2367 345 2431 mulum,
357 2367 421 2434 quin
434 2367 520 2418 omniu
533 2367 733 2434 perturbentur:

71 2437 108 2488 Us
127 2455 160 2489 ue
173 2438 237 2490 adeo
249 2443 279 2489 ut
291 2437 354 2488 ritae
366 2435 433 2487 desit
445 2435 524 2501 locus,
537 2441 616 2503 utque
628 2436 728 2489 animai

71 2455 221 2573 Didugiunt
232 2511 319 2574 partes
331 2522 377 2573 per
389 2503 477 2555 caulas
489 2504 602 2572 eorporis
614 2521 710 2558 omnes,

71 2574 122 2628 Sed
134 2575 288 2643 plerumque
299 2574 331 2626 fit
342 2574 371 2625 in
382 2589 483 2624 summo
495 2573 570 2640 quusi
581 2590 685 2642 corpore
696 2574 757 2627 finis

414 2662 503 2715 ''oedit3
519 2667 566 2706 Me.
