1928 2964
74 140 109 189 t8
387 133 416 188 'll
433 133 601 188 LUORETII

74 236 220 289 Dissimiles
230 235 312 304 igitur
323 235 413 289 forma
425 237 600 304 glomeramen
612 237 640 288 in
651 253 738 290 unum

75 306 247 372 Conveniunt,
260 311 287 358 et
298 323 339 358 res
351 307 481 374 permixto
493 307 591 358 semine
603 313 733 360 coustant.

110 375 180 439 Quin
192 375 272 426 etiam
284 376 381 443 passim
393 375 488 427 nostris
500 375 529 426 in
540 374 656 427 versibus
668 375 732 443 ipsis

74 442 163 496 Multa
175 443 304 496 elementa
315 444 388 496 vides
399 444 491 496 multis
503 444 651 496 communia
663 445 765 508 verbis3

75 512 163 576 Quum
175 519 266 565 tamen
277 513 347 565 inter
358 531 385 565 se
397 529 486 565 versus
497 530 528 564 ac
540 513 620 564 verba
630 529 734 566 necessa
747 519 789 567 est

74 581 218 633 confiteare
230 582 283 634 alia
295 599 328 634 ox
340 582 399 634 aliis
411 587 529 634 constare
541 581 690 634 elementis:

73 649 99 701 N
100 667 140 715 on,
153 667 205 718 quo
215 650 302 703 multa
313 668 407 719 pamm
418 651 563 702 communis
574 649 651 702 litera
663 656 759 716 currat,

72 718 129 771 Aut
141 719 216 770 nulla
227 719 297 771 inter
309 737 335 771 se
347 720 399 771 duo
412 719 465 770 sint
477 737 510 771 ex
522 719 641 771 omnibus
653 719 769 773 isdem¹2

73 786 124 839 Sed
138 788 265 854 quianon
277 789 356 855 vulgo
368 789 442 856 paria
454 788 574 840 omnibus
586 787 674 840 omnia
685 794 816 843 constant.

73 855 116 908 Sic
128 855 186 908 aliis
198 856 227 907 in
238 857 315 909 rebus
326 858 391 909 item
403 857 551 909 communia
562 858 655 923 multa,

73 925 220 977 Multarum
231 943 319 977 rerum
332 943 414 992 quum
427 927 480 977 sint
491 926 640 994 primordia,
651 926 729 994 longe

72 992 200 1045 Dissimili
213 1000 302 1046 tamen
313 995 383 1047 inter
395 1012 421 1046 se
434 996 573 1047 consistere
586 1012 688 1046 summa

73 1062 197 1115 Possunt:
217 1069 249 1114 ut
260 1064 353 1116 merito
365 1081 399 1115 ex
410 1064 469 1116 aliis
481 1070 599 1116 constare
612 1065 713 1116 feratur

73 1131 228 1184 Humanum
240 1150 322 1200 genus
334 1150 365 1184 ac
377 1133 465 1199 fruges
477 1132 635 1200 arbustaque
646 1132 717 1186 laeta.

107 1201 133 1253 N
133 1219 162 1254 ec
175 1208 264 1254 tamen
275 1202 430 1254 omnimodis
441 1201 562 1253 connecti
573 1219 647 1268 posse
658 1201 809 1268 putandum
820 1207 859 1254 est

73 1269 181 1323 Omnia:
199 1288 261 1322 nam
273 1273 352 1338 vulgo
364 1271 421 1322 fieri
432 1276 554 1338 portenta
565 1271 666 1323 videres
676 1288 684 1333 ;

72 1338 211 1391 Semiferos
223 1340 359 1392 hominum
372 1341 468 1408 species
480 1339 619 1402 exsistere3
636 1345 663 1391 et
675 1339 743 1392 altos

73 1407 211 1460 Interdum
222 1426 307 1461 ramos
319 1427 333 1460 e
345 1409 420 1476 gigni
432 1425 537 1476 corpore
550 1407 623 1471 vivo;

54 1500 58 1506 ·
73 1476 214 1544 Multaque
226 1478 346 1529 connecti
357 1477 490 1529 terrestria
501 1475 618 1528 membra
629 1477 750 1530 marinis:

72 1545 139 1596 Tum
150 1546 284 1598 flammam
295 1553 363 1599 tetro
376 1547 503 1614 spirantes
515 1563 558 1597 ore
568 1545 708 1598 (lhimaeras

72 1614 180 1666 Pascere
192 1621 315 1667 naturam
327 1633 373 1683 per
384 1622 467 1667 terras
479 1615 678 1683 omniparentes.

72 1683 189 1747 Quorum
200 1683 239 1735 nil
251 1683 307 1735 fieri
319 1685 488 1736 manifestum
500 1690 552 1735 est:
571 1683 658 1735 omnia
670 1684 775 1751 quando

72 1751 219 1805 Seminibus
231 1754 308 1805 certis
321 1760 392 1805 certa
404 1753 535 1820 genetrice
547 1758 635 1804 creata

72 1821 227 1874 (1111111111
240 1840 321 1888 genus
334 1822 477 1874 crescentia
488 1838 562 1889 posse
573 1821 699 1874 videmus.

106 1891 212 1944 Scilicet
224 1892 251 1943 id
264 1898 335 1943 certa
347 1891 403 1943 fieri
414 1890 515 1942 ratione
527 1907 630 1942 necessa
642 1896 694 1941 est:

71 1959 140 2013 Nam
152 1978 200 2012 sua
212 1961 305 2028 cuique
317 1961 381 2011 cibis
393 1977 426 2011 ex
438 1958 558 2011 omnibus
570 1959 642 2011 intus
654 1959 682 2009 in
694 1964 768 2011 artus

72 2030 183 2098 Corpora
195 2030 348 2092 disceduut;
366 2045 535 2094 connexaque
547 2028 731 2080 convenientes

71 2099 197 2151 Efficiuut
208 2104 308 2150 motus:
327 2104 355 2149 at
368 2103 459 2148 contra
471 2097 557 2148 aliena
569 2097 687 2149 videmus

72 2167 188 2237 Rejicere
200 2168 228 2219 in
240 2175 322 2219 terras
335 2172 473 2229 naturam
491 2167 629 2233 multaque
641 2165 716 2217 cacis

71 2237 225 2306 Corporibus
236 2236 345 2303 fugiunt
357 2253 372 2287 1
384 2252 488 2303 corpore
500 2236 600 2303 percita
612 2235 697 2303 plagis
710 2253 716 2297 ;

72 2305 136 2369 Quae
148 2324 234 2374 neque
246 2305 364 2357 connecti
377 2321 508 2372 quoquam
520 2312 635 2372 potuere,
647 2320 733 2371 neque
744 2303 818 2357 intra

71 2373 171 2428 Vitales
184 2382 270 2427 motus
282 2374 435 2440 consentire,
447 2379 527 2440 atque
539 2373 657 2425 animari.

105 2445 156 2496 Sed
168 2463 202 2496 ne
213 2445 281 2496 forto
292 2449 369 2512 putes
381 2442 506 2494 animalia
518 2442 572 2493 sola
584 2441 668 2494 teneri

70 2511 184 2580 Legibus
196 2514 237 2564 his
249 2532 256 2576 ;
274 2513 393 2580 quaedam
404 2511 472 2562 ratio
484 2511 651 2562 disterminat
663 2527 760 2563 omnes.

70 2581 96 2633 N
96 2600 146 2649 am,
159 2582 242 2634 veluti
254 2589 310 2634 tota
322 2588 418 2632 natura
430 2579 567 2630 dissimiles
580 2585 643 2633 sunt

408 2683 417 2706 ¹
431 2676 512 2723 iudom
527 2675 573 2714 MS.
