1928 2964
327 143 435 196 menn
451 143 608 197 suarius,
852 148 886 198 99

48 246 186 299 Pertineat
198 247 343 315 quidquam
354 252 444 299 tamen
456 246 490 298 ad
502 262 549 298 nos
561 246 588 298 id
600 263 703 314 quoque
714 246 823 311 factum,

48 317 205 383 Interrupta
217 316 296 368 semel
308 333 390 383 quum
402 317 437 367 sit
448 316 594 384 repetentia
606 316 701 366 nostris
706 334 714 378 ;

49 385 85 436 Et
97 401 170 436 nunc
182 385 220 436 nil
232 385 266 436 ad
278 402 325 436 nos
337 385 370 436 de
381 385 455 436 nobis
467 385 571 450 attinet,
584 392 646 437 ante

50 454 105 518 Qui
116 453 216 506 fuimus
223 471 230 517 ;
248 470 297 505 nec
305 455 363 521 jem
375 454 408 505 de
420 453 472 505 illis
484 470 531 505 nos
543 453 624 505 afficit
636 470 725 520 angor,

52 519 140 589 [Quos
153 523 185 574 de
196 523 308 574 materia
319 529 409 574 nostra
420 539 489 575 nova
501 523 614 590 proferet
627 527 690 573 aetas
697 521 732 592 ¹¹.]

50 591 122 643 Nam
134 608 217 658 quum
228 592 351 659 respicias
363 592 484 643 immensi
495 591 619 658 temporis
632 608 708 643 omne

52 659 356 728 Praeteritnmspatium,
369 666 427 711 tum
438 669 524 712 motus
536 661 658 712 materiai

52 728 207 781 Multimodi
219 746 299 796 quam
311 730 378 792 sint;
396 729 473 781 facile
485 729 534 781 hoc
546 729 681 780 accredere
693 728 781 796 possis,

52 797 161 850 Semina
172 815 240 866 saepe
252 799 281 849 in
293 798 390 864 eodem,
402 804 434 850 ut
446 815 517 850 nunc
530 803 599 863 sunt,
612 797 701 849 ordine
713 806 801 865 posta:
838 798 889 850 870

52 866 79 919 N
80 883 111 918 ec
122 867 230 918 memori
242 872 332 919 temen
343 867 372 918 id
384 868 489 934 quimus
500 865 688 934 reprehendere
699 871 788 919 mente
794 885 802 930 3

53 935 131 988 Inter
142 935 213 986 enim
220 937 296 1004 jacta
307 941 347 988 eet
358 936 425 988 vitei
437 953 528 1003 pausa,
535 952 653 1003 vageque

54 1003 211 1056 De’rrarunt
222 1005 320 1072 possim
331 1011 418 1057 motus
430 1004 464 1056 ab
476 1003 593 1056 sensibus
606 1021 701 1056 omnes.

54 1072 142 1125 Debet
154 1073 232 1140 enim,
244 1074 337 1126 misere
348 1080 388 1126 est
401 1074 444 1125 cui
456 1074 523 1126 forte
535 1090 656 1141 aegreque
667 1060 811 1139 futuru&

56 1142 119 1209 Ipse
131 1158 235 1210 quoque
248 1159 302 1194 esse
313 1143 342 1194 in
354 1160 384 1195 eo
396 1149 455 1194 tum
467 1148 591 1210 tempore,
604 1142 647 1194 cui
658 1142 727 1193 made
740 1141 821 1209 possit
840 1207 842 1211 y

56 1210 197 1264 Accidere:
215 1211 244 1262 id
255 1213 379 1279 quoniam
390 1229 458 1263 mors
471 1212 571 1276 eximit,
584 1227 690 1278 esseque
702 1210 830 1279 prohibet,
840 1215 841 1218 ’

57 1279 148 1346 illum,
161 1279 205 1332 cui
216 1281 316 1348 possint
328 1281 492 1332 incommoda
503 1280 636 1347 conciliari

57 1349 125 1400 Haec
137 1348 235 1414 eadem,
247 1349 383 1418 inquibus
396 1366 410 1401 e
422 1356 487 1402 tunc
498 1366 545 1401 nos
558 1366 655 1416 sumus,
667 1353 729 1401 anto
740 1347 836 1412 fuisse;

57 1417 130 1470 Scire
141 1417 205 1469 licet
217 1418 291 1470 nobis
303 1418 372 1469 nihil
384 1435 438 1470 esse
449 1419 478 1469 in
489 1424 573 1470 morte
585 1418 745 1470 timendum:

57 1486 84 1539 N
85 1503 115 1538 ec
127 1479 251 1539 miserum
262 1487 327 1552 fieri,
340 1487 386 1554 qui
398 1505 451 1539 non
463 1493 510 1554 est,
521 1505 596 1555 posse
603 1506 610 1550 ;
628 1504 713 1555 neque
724 1486 810 1538 hilum
846 1488 896 1538 880

58 1555 179 1621 Differre,
191 1573 227 1608 an
238 1555 293 1607 ullo
305 1557 385 1608 fuerit
393 1557 451 1624 jam
463 1561 579 1624 tempore
590 1562 677 1623 natus,

59 1624 202 1676 Mortalem
214 1625 297 1678 vitem
309 1643 377 1677 mors
389 1641 472 1692 quum
484 1625 638 1678 immortalis
651 1625 756 1677 ademit.
780 1661 803 1689 a
878 1667 919 1684 iu

95 1693 210 1745 Proinde
222 1693 267 1745 ubi
279 1711 306 1746 se
317 1695 406 1747 videas
418 1694 551 1746 hominem
562 1694 724 1762 indignarier
735 1694 830 1762 ipsum,

61 1762 125 1815 Post
136 1762 248 1815 mortem
259 1763 322 1830 iore,
333 1768 365 1814 ut
377 1769 425 1815 aut
437 1769 571 1830 putrescat
583 1781 688 1832 corpore
699 1769 780 1832 posto,

325 1870 426 1923 Trauos
437 1888 492 1922 otoo
503 1870 647 1940 sepselturoe.

62 1963 120 2016 Aut
131 1963 244 2016 flmmis
255 1963 379 2031 interfiat,
391 1964 500 2017 malisve
511 1965 626 2016 ferarum
636 1985 642 2018 :

62 2032 136 2085 Scire
147 2032 218 2099 licet,
229 2049 283 2086 non
295 2033 424 2086 sincerum
437 2050 533 2100 sonere,
546 2039 624 2102 atque
636 2035 739 2088 subesse

64 2102 171 2154 Oaecum
182 2101 297 2171 aliquem
310 2103 382 2154 cordi
394 2103 537 2166 stimulum,
551 2105 669 2170 quamvis
681 2110 760 2172 neget
772 2106 828 2172 ipse

65 2170 176 2223 Credere
188 2187 224 2239 se,
235 2182 395 2239 quemquam
407 2171 456 2223 sibi
469 2188 572 2223 sensum
584 2173 613 2225 in
625 2179 709 2226 morte
720 2175 848 2225 futurum.

64 2239 135 2307 Non,
145 2245 178 2292 ut
189 2239 288 2323 opinor,
301 2240 372 2293 enim
384 2241 437 2308 det,
451 2241 520 2309 quod
533 2243 665 2309 promittit
677 2248 705 2295 et
716 2242 794 2308 unde,

65 2308 122 2361 Nec
133 2308 357 2369 redimtusevita
370 2327 396 2361 se
409 2310 487 2376 tollit,
500 2315 527 2363 et
539 2311 615 2374 eicit3
854 2312 905 2362 890

66 2377 119 2430 Sed
130 2377 198 2434 facit
208 2374 265 2432 esse
275 2379 318 2431 sui
330 2378 457 2446 quiddam
469 2396 548 2446 super
559 2380 658 2432 inscius
669 2379 746 2452 ipse..
896 2400 899 2407 ·

66 2447 153 2500 vivus
162 2446 236 2501 enim
247 2448 297 2500 sibi
309 2464 391 2514 quum
403 2448 525 2517 proponit
537 2449 654 2516 quisque,
666 2449 795 2515 futurum,

68 2515 167 2585 Corpus
178 2517 221 2569 uti
232 2515 349 2569 volucres
361 2515 477 2568 lacerent
489 2517 518 2567 in
529 2522 612 2568 morte
624 2518 739 2583 feraeque
745 2535 752 2580 ;
769 2515 775 2528 ⁶

68 2584 129 2655 Ipse
141 2584 184 2640 sui
194 2585 315 2640 miseret:
333 2601 418 2653 neque
430 2585 501 2636 enim
513 2602 540 2636 se
553 2585 649 2638 dividit
661 2586 753 2654 hilum,

402 2675 486 2719 hDeest
495 2680 517 2719 in
527 2678 576 2720 Me.

599 2799 672 2918 qu
682 2792 717 2847 ι-Ὗ.
725 2780 801 2840 U?
817 2774 864 2880 ἳὸ
