1928 2964
91 143 143 194 116
403 138 432 203 Τ.
450 138 619 193 IrUORE'I'II

90 243 133 296 Sic
145 244 260 306 eliditur,
272 248 304 294 ut
317 242 338 293 si
350 242 417 309 quis,
430 242 502 310 prius
514 242 588 294 aride
600 259 679 310 quam
691 242 726 295 sit

90 312 182 365 Oretea
193 329 309 380 persona,
322 311 416 363 allidat
428 311 520 380 pilaeve
533 311 634 364 trabive
644 331 650 375 3

89 381 178 449 Atque
190 399 221 433 ea
233 381 357 432 continuo
368 386 468 432 rectam
477 380 499 430 si
510 379 598 431 fronte
609 381 723 448 figuram

90 449 188 516 Servet,
201 457 228 501 et
240 451 330 501 elisam
342 455 411 500 retro
424 466 478 500 sese
490 449 621 517 exprimat
632 450 703 516 ipsa:
881 452 932 503 300

90 518 156 584 Fiet,
168 526 207 585 ut,
220 525 282 570 ante
294 518 381 569 oculos
392 517 473 569 fuerit
485 518 531 584 qui
543 517 643 582 dexter,
655 518 698 568 hic
710 517 782 570 idem

89 586 115 639 N
115 605 167 639 unc
180 589 213 639 sit
225 587 314 652 laevus,
327 592 353 638 et
365 603 380 637 e
391 586 457 637 laevo
470 587 504 637 sit
515 594 610 638 mutua
622 586 721 638 dexter.

125 657 170 707 Fit
181 673 291 723 quoque,
304 655 336 706 de
348 655 452 722 speculo
464 655 493 705 in
505 654 640 722 speculum
651 660 682 706 ut
698 655 820 708 tradatur
830 655 931 725 imago3

90 724 212 793 Quinque
224 725 311 790 etiam,
325 741 403 775 sexve
414 730 446 775 ut
457 722 513 775 fieri
527 723 665 775 simulacra
677 723 790 778 suerint.

89 791 159 844 Nam
171 809 340 860 quaecumque
352 797 422 844 retro
433 799 509 860 parte
521 792 643 843 interiore
654 791 759 858 latebit,

90 861 156 913 Inde
168 869 264 925 tamen,
277 861 395 928 quamvis
407 867 476 912 torte
488 861 644 928 penitusque
655 866 763 931 remota,

91 929 185 982 Omnia
197 948 243 998 per
254 930 335 982 flexos
347 930 435 981 aditus
447 930 549 994 educta,
561 929 650 981 licebit

90 998 213 1051 Pluribus
225 1000 281 1050 haec
294 998 405 1066 speculis
417 999 558 1050 videantur
569 999 597 1050 in
609 998 709 1050 aedibus
720 1015 783 1052 esse.

90 1067 179 1136 Usque
191 1069 255 1120 adeo
267 1085 281 1119 e
293 1067 396 1136 speculo
408 1068 437 1118 in
450 1067 590 1135 speculum,
596 1067 708 1119 tralucet
720 1067 824 1135 imego;

90 1136 126 1188 Et
139 1155 220 1204 quum
232 1137 298 1189 laeva
310 1137 373 1188 data
385 1143 431 1201 est,
443 1136 475 1187 fit
486 1153 591 1187 rursum
602 1142 634 1187 ut
646 1136 755 1188 dextera
766 1137 832 1204 fiat3
863 1194 868 1204 ,
880 1141 932 1192 310

91 1205 158 1258 Inde
171 1213 241 1258 retro
252 1223 357 1257 rursum
367 1205 443 1269 redit,
456 1211 483 1256 et
495 1205 626 1257 convertit
638 1205 737 1258 eodem.
770 1242 774 1251 .

127 1275 196 1338 Quin
209 1275 296 1339 etiam,
307 1291 477 1342 quaecumque
489 1274 621 1326 latuscula
633 1280 695 1326 sunt
707 1275 876 1342 speculorum

91 1343 208 1395 Assimili
220 1344 309 1396 lateris
320 1343 422 1394 flexura
434 1342 545 1410 praedita
557 1344 649 1410 nostri,

92 1412 209 1464 Dextera
221 1431 252 1464 ea
264 1418 369 1480 propter
381 1412 455 1464 nobis
467 1412 606 1464 simulacra
618 1412 775 1477 remittunt;

90 1482 147 1532 Aut
159 1483 222 1548 quia
234 1481 266 1532 de
279 1481 382 1548 speculo
394 1481 423 1531 in
436 1481 570 1549 speculum
582 1481 741 1533 transfertur
752 1482 849 1551 imago,

91 1549 157 1601 Inde
170 1550 204 1601 ad
216 1568 262 1601 nos
274 1550 338 1601 elisa
350 1549 389 1601 bis
401 1550 522 1612 advolat;
541 1556 588 1601 aut
600 1551 681 1601 etiam
692 1550 761 1616 quod

91 1618 292 1685 Oircumagitur,
307 1636 389 1685 quum
401 1619 474 1670 venit
486 1619 580 1684 imago,
593 1625 731 1686 propterea
742 1619 815 1688 quod

91 1685 173 1738 Flexa
184 1687 270 1754 figura
282 1688 357 1739 docet
370 1687 468 1755 speculi
480 1688 625 1739 convertier
637 1688 671 1739 ad
683 1704 736 1739 nos.

126 1756 266 1823 Indugredi
278 1774 353 1824 porro
365 1757 463 1824 pariter
476 1756 622 1822 simulacra,
635 1756 784 1824 pedemque

90 1822 190 1876 Ponere
202 1825 336 1877 nobiscum
348 1826 444 1891 credas,
457 1832 611 1892 gestumque
623 1825 722 1876 imitari
729 1844 737 1889 ;
881 1831 932 1882 320

90 1891 230 1961 Propterea
243 1895 311 1969 quiq,
325 1895 357 1945 de
370 1894 469 1961 speculi
481 1911 534 1960 qua
546 1900 620 1961 parte
632 1893 743 1960 recedas,

90 1961 219 2014 Continuo
232 1969 366 2029 nequeunt
378 1962 452 2013 illinc
465 1962 604 2014 simulacra
614 1962 725 2015 reverti:

90 2030 184 2083 Omnia
197 2032 407 2098 quandoquidem
419 2031 489 2098 cogit
501 2038 597 2083 natura
608 2031 705 2097 referri,

89 2101 128 2152 Ac
140 2101 239 2152 resilire
251 2100 284 2151 ab
296 2100 372 2151 rebus
384 2100 418 2151 ad
431 2117 516 2167 aequos
528 2100 632 2152 reddita
642 2100 734 2152 flexus.

124 2170 266 2239 Splendida
277 2187 352 2237 porro
364 2169 432 2220 oculi
444 2170 570 2237 fugitant,
582 2170 720 2236 vitantque
732 2168 802 2222 tueri
809 2189 817 2235 3

89 2239 133 2292 Sol
146 2240 225 2291 etiam
239 2244 326 2304 caecat,
339 2244 430 2290 contra
442 2239 464 2289 si
477 2239 583 2290 tendere
595 2255 700 2306 pergas:

89 2307 230 2376 Propterea
242 2309 303 2376 quia
315 2308 354 2358 vis
367 2324 463 2373 magna
476 2313 514 2358 est
527 2307 609 2374 ipsius
616 2326 622 2369 ;
641 2313 668 2358 et
680 2307 735 2358 alte

89 2378 159 2429 A'e'ra
171 2395 217 2444 per
229 2395 325 2444 purum
337 2377 453 2443 graviter
465 2375 604 2427 simulacra
615 2376 746 2442 feruntur,

88 2444 123 2496 Et
135 2447 234 2497 feriunt
246 2445 339 2506 oculos,
352 2445 488 2496 turbantia
500 2446 694 2512 compositurus.
765 2473 771 2481 -

87 2513 217 2565 Praeterea
229 2515 356 2581 splendor,
370 2515 528 2582 quicumque
540 2519 579 2564 est
591 2530 657 2578 acer,
670 2513 760 2564 adurit
876 2518 926 2570 330

88 2581 162 2648 Saepe
174 2581 275 2644 oculos;
294 2583 352 2634 ideo
365 2583 434 2649 quod
447 2582 545 2632 semina
557 2583 671 2648 possidet
684 2582 753 2648 ignis

78 2649 176 2713 Multa,
191 2649 307 2703 dolorem
320 2651 400 2703 oculis
413 2667 469 2719 quae
481 2651 595 2716 gignunt
605 2650 771 2704 insinuando.

78 2874 209 2908 A
