1928 2964
74 147 126 199 1⁶8
378 143 409 197 Τ.
426 143 595 198 Lueriam

13 293 23 303 ,
74 254 254 308 Constiterunt
265 254 368 322 imbres,
381 260 408 307 et
418 255 530 307 ilmina
540 256 596 308 rim
607 256 773 311 minuerunt.
801 290 806 299 ·

22 296 41 401 l·
109 324 160 377 Sed
172 324 266 392 quibus
277 325 323 377 ille
334 324 418 375 modis
430 326 563 392 conjectus
574 325 697 378 materiai

74 392 204 446 Fimdarit
216 400 314 445 terram
325 399 352 445 et
364 393 459 445 coelum
471 393 597 461 pontique
610 394 755 463 profunda,

74 462 148 530 Solis,
161 463 236 515 lunai
249 479 348 530 cursus,
360 479 394 514 ex
406 462 496 514 ordine
508 479 611 530 ponam.

309 577 389 647 Origo
401 575 497 629 mandi
507 585 531 629 et
542 576 669 631 omnim

108 663 177 715 Nam
189 667 258 714 certe
270 680 354 730 neque
367 663 473 714 consilio
485 662 627 730 primordia
638 679 727 714 rerum

74 732 171 784 Ordine
183 750 210 784 ee
222 749 268 783 suo
281 749 392 800 quaeque
404 732 491 799 sagaci
503 738 591 783 mente
602 731 724 783 locarunt
735 750 743 795 ;

72 800 129 853 Nec
141 818 204 869 quos
217 817 327 869 quaeque
339 801 433 852 darent
445 806 531 851 motus
543 800 665 868 pepigere
677 801 814 868 profecto:

73 869 124 922 Sed
137 871 199 938 quia
210 871 296 922 multa
307 869 391 921 modis
403 869 495 920 multis
507 869 649 936 primordia
660 885 759 938 rerum,

73 938 115 990 Ex
127 939 232 990 infinito
240 942 298 1006 jam
309 944 426 1006 tempore
438 939 539 1005 percita
550 937 642 1005 plagis,

73 1006 285 1075 Ponderibusque
297 1007 351 1058 suis
363 1012 523 1058 consuerunt
535 1007 637 1058 concita
648 1006 720 1073 ferri,

74 1077 287 1144 Omnimodisque
299 1075 375 1142 coire,
386 1081 467 1143 atque
479 1075 567 1127 omnia
578 1081 737 1144 pertentare,

74 1145 254 1213 Quaecumque
265 1145 335 1196 inter
347 1161 374 1196 se
386 1152 492 1212 possent
504 1160 642 1212 congressa
653 1161 759 1209 ereare;

73 1213 214 1284 Propterea
225 1214 264 1280 fit,
275 1214 318 1266 uti
328 1230 455 1280 magnum
467 1212 577 1280 vulgata
587 1230 635 1282 per
646 1229 733 1266 aerum

73 1283 232 1351 Omnigenos
244 1289 326 1335 coetus
338 1289 365 1334 et
376 1289 463 1334 motus
475 1282 641 1351 experiendo,

72 1352 190 1405 {landem
202 1352 359 1405 convenient
371 1368 409 1418 ea,
422 1369 482 1419 quae
495 1358 625 1404 conventa
636 1356 747 1420 repente

73 1420 235 1489 Magnarum
246 1439 332 1474 rerum
344 1421 413 1473 fiunt
425 1421 532 1473 exordia
544 1437 619 1488 saepe,

72 1489 170 1557 Termi,
182 1491 262 1542 maris
275 1497 302 1542 et
313 1491 372 1542 coeli
384 1490 537 1557 generisque
548 1490 724 1543 animantum

108 1560 160 1611 Hic
172 1576 256 1627 neque
267 1565 326 1610 tum
338 1559 399 1611 solis
409 1565 468 1611 rota
480 1559 552 1610 cerni
563 1559 662 1610 lumine
674 1558 749 1626 largo

71 1626 220 1679 Altivolans
232 1634 348 1695 poterat;
366 1645 415 1680 nec
425 1628 517 1694 magni
529 1628 614 1679 sidera
624 1628 726 1694 mundi,

71 1694 217 1761 Neomare,
229 1712 278 1748 nec
290 1697 393 1764 coelum,
404 1713 453 1748 nec
465 1697 580 1763 denique
591 1702 668 1763 terra,
680 1713 767 1764 neque
780 1700 834 1766 adr,

72 1763 127 1816 Nec
140 1765 231 1816 similis
243 1765 338 1816 nostris
350 1766 427 1817 rebus
437 1783 479 1817 res
491 1766 547 1817 ulla
559 1765 659 1818 videri:

72 1831 123 1885 Sed
135 1851 203 1885 nova
215 1840 356 1902 tempestas
369 1835 496 1902 quaedam,
507 1834 640 1901 molesque
653 1839 748 1887 coorta

71 1900 207 1969 Diffugere
219 1903 281 1955 inde
292 1903 343 1954 loci
354 1910 442 1970 partes
455 1920 562 1970 coepere,
575 1916 702 1970 paresque

72 1970 138 2023 (lum
151 1972 255 2039 paribus
264 1973 343 2039 jungi
354 1989 402 2037 res,
416 1978 443 2023 et
455 1972 601 2023 discludere
612 1971 750 2038 mundum,

72 2039 243 2107 Membraque
255 2041 377 2106 dividere,
390 2047 417 2092 et
428 2058 537 2107 magnas
550 2040 685 2108 disponere
697 2047 786 2107 partes

72 2108 225 2176 Omnigenis
237 2126 252 2159 e
264 2109 414 2176 principiis;
432 2109 561 2161 discordia
573 2126 685 2177 quorum

73 2177 224 2244 Intervalla,
236 2178 300 2244 vias,
312 2195 452 2243 connexus,
465 2178 586 2245 pondera,
598 2179 699 2247 plagas,

72 2247 225 2313 Concursus,
237 2254 324 2298 motus
337 2246 484 2312 conturbet,
497 2247 590 2314 proelia
602 2248 721 2314 miscens,

72 2313 183 2383 Propter
195 2316 332 2367 dissimiles
344 2317 440 2367 formas
453 2317 589 2383 variasque
601 2316 713 2382 figuras;

73 2384 148 2446 Quod
160 2402 213 2436 non
225 2387 313 2437 omnia
325 2386 362 2437 sic
374 2391 495 2454 poterant
507 2388 648 2452 conjuncta
660 2401 776 2452 manere,

71 2450 97 2502 N
98 2469 127 2503 ec
139 2459 225 2505 motus
236 2455 306 2506 inter
318 2472 372 2506 sese
384 2455 445 2506 dare
457 2455 653 2506 couvenientes:

72 2519 131 2571 Hoc
143 2527 182 2572 est
194 2539 211 2573 a
222 2524 298 2574 terris
310 2523 395 2575 altum
408 2539 538 2574 secernere
550 2524 652 2589 coelum,

71 2585 107 2638 Et
120 2605 234 2639 seorsum
245 2608 316 2643 mare
328 2593 369 2643 uti
382 2599 508 2643 secretum
522 2591 665 2658 humorque
678 2597 789 2659 pateret,

67 2655 178 2710 Seorsus
188 2657 255 2709 item
266 2661 329 2728 puri
340 2661 483 2726 secretique
497 2659 601 2710 aetheris
613 2660 694 2724 ignes.

60 2898 185 2934 Α
