1928 2964
335 145 443 199 LIBER
460 143 621 210 QUINTUS.
846 142 897 197 17⁷

60 249 149 314 Quum
159 250 254 313 metus,
262 251 309 299 aut
321 246 393 298 dolor
402 251 448 311 est,
458 251 485 297 et
496 263 579 314 quum
587 247 644 312 jam
656 244 753 311 gaudia
765 242 897 312 gliscuntl

60 319 163 386 Quippe
175 317 273 368 etenim
285 316 347 367 lieet
358 316 387 366 in
398 315 475 366 rebus
488 331 640 381 cognoscere
651 314 755 382 apertis.
831 315 896 364 1061

95 387 204 438 Irritata
216 401 311 436 canum
323 385 531 451 quamprimum
543 399 640 449 magna
651 382 795 433 Molossum

62 455 156 507 Mollia
167 455 235 506 ricta
246 453 370 515 fremunt,
383 453 461 504 duros
473 452 602 503 nudantia
614 451 714 519 dentes,

61 524 150 591 Longe
161 523 213 575 alio
226 522 314 573 sonitu
325 521 397 573 rabie
409 521 535 572 distracta
546 521 697 583 minantur;

61 593 97 644 Et
109 609 191 660 quum
198 593 256 658 jam
268 590 374 656 latrant,
384 596 411 641 et
423 590 529 641 vocibus
542 589 629 641 omnia
641 588 778 658 complent.

62 661 99 714 At
111 660 212 713 catulos
223 658 319 710 blande
332 675 414 725 quum
425 658 518 724 lingua
529 657 643 709 lambere
656 665 769 723 tentant,

62 730 117 781 Aut
128 728 175 781 ubi
187 745 231 780 eos
244 728 345 779 lactant
357 727 474 794 pedibus,
486 742 624 793 morsuque
636 734 755 794 petentes

63 797 200 865 Suspensis
212 803 313 848 teneros
325 797 465 847 imitantur
477 795 600 846 dentibus
611 794 730 862 haustus,

62 867 152 933 Longe
163 865 216 917 alio
228 872 304 932 paeto
316 865 429 930 gannitu
441 864 511 915 vocis
523 863 634 915 adulant
641 883 649 926 ;

62 935 99 986 Et
111 951 193 1002 quum
205 934 301 984 deserti
312 931 462 984 baubantur
474 933 503 982 in
515 930 621 997 aedibus,
633 937 681 984 aut
693 949 775 1001 quum
831 935 899 985 1070

64 1003 201 1055 Plorantes
212 1002 321 1068 fugiunt
334 1000 459 1052 submisso
472 1017 576 1067 corpore
588 1000 686 1069 plagas.

100 1071 220 1139 Denique
232 1087 285 1122 non
297 1070 417 1121 hinnitus
430 1071 494 1121 item
506 1070 608 1121 differre
618 1070 729 1136 videtur,

65 1141 140 1193 Inter
152 1156 231 1208 equas
243 1139 289 1190 ubi
301 1156 383 1206 equus
395 1138 498 1190 florenti
511 1145 590 1190 aetate
598 1140 727 1206 juvencus

66 1208 203 1275 Pinuigeri
215 1208 290 1259 saevit
302 1207 445 1259 calcaribus
457 1208 526 1258 ictus
538 1208 639 1274 amoris,

64 1277 101 1330 Et
112 1278 248 1329 fremitum
259 1277 358 1343 patulis
370 1276 418 1327 sub
430 1276 537 1328 naribus
550 1276 605 1327 edit
616 1276 650 1328 ad
662 1293 742 1344 arma,

65 1346 102 1398 Ilt
113 1362 195 1413 quum
208 1345 243 1396 sie
256 1346 320 1396 alias
332 1345 462 1397 concussis
475 1345 584 1396 artubus
596 1345 701 1396 hinnitl

101 1414 241 1479 Postremo,
254 1430 336 1480 genus
348 1414 462 1465 alituum
474 1415 602 1480 variaeque
614 1414 738 1482 volucres,

65 1482 212 1550 Accipitres
223 1489 302 1548 atque
314 1483 445 1548 ossifragae
458 1484 599 1550 mergique,
611 1483 719 1534 marinis

67 1551 205 1603 Fluctibus
216 1551 245 1600 iu
258 1552 324 1602 salso
336 1552 437 1603 rictum
449 1552 583 1618 vitamque
595 1558 721 1620 petentes,

66 1619 155 1686 Longe
168 1619 232 1670 alias
244 1619 296 1671 alio
306 1620 410 1687 jaciunt
421 1620 450 1671 in
462 1626 578 1686 tempore
590 1638 671 1688 voces,
836 1625 903 1674 1080

66 1687 103 1740 Et
116 1704 198 1754 quum
211 1688 243 1738 de
255 1689 328 1740 victu
340 1695 449 1756 certant,
461 1689 601 1756 praedaque
612 1698 770 1759 repugnant.

67 1756 104 1808 Ilt
116 1756 213 1825 partim
225 1763 331 1808 mutant
344 1774 404 1809 cum
415 1759 615 1824 tempestatibus
628 1776 680 1811 una

69 1824 228 1876 Raucisonos
240 1833 333 1876 cantus
345 1827 478 1877 cornicum
490 1826 568 1877 saeola
579 1833 684 1879 vetusta

68 1893 262 1959 Oorvorumque
273 1911 371 1960 greges,
383 1894 430 1945 ubi
442 1912 538 1961 aquam
550 1894 675 1946 dicuntur
687 1903 713 1948 et
725 1896 820 1948 imbres

69 1962 185 2028 Poscere,
198 1968 224 2013 et
236 1963 369 2014 interdum
381 1968 472 2015 ventos
483 1980 612 2030 aurasque
624 1981 723 2018 vocare.

68 2030 148 2097 Ergo,
160 2030 182 2081 si
194 2031 260 2082 varii
273 2048 362 2082 sensus
374 2031 499 2083 animalia
510 2038 616 2099 cogunt,

69 2099 149 2150 Muta
161 2104 249 2150 tamen
261 2117 342 2166 quum
354 2101 414 2165 sint,
427 2101 511 2151 varias
524 2102 643 2154 emittere
654 2120 744 2167 voces;

70 2168 176 2230 Quanto
187 2169 309 2220 mortales
320 2169 404 2236 magis
416 2186 521 2236 aequum
533 2175 572 2221 est
584 2178 642 2222 tum
654 2173 768 2239 potuisse

69 2235 215 2288 Dissimiles
227 2237 279 2288 alia
291 2243 370 2305 atque
382 2237 435 2288 alia
446 2255 486 2289 res
498 2256 560 2290 voce
572 2240 679 2292 notaret

106 2303 179 2354 Illud
190 2305 219 2354 in
231 2304 271 2356 his
283 2305 360 2356 rebus
372 2306 470 2357 tacitus
482 2324 515 2357 ne
527 2309 594 2359 forte
606 2309 730 2376 requiras,
784 2307 786 2310 ’
836 2311 904 2359 1090

71 2372 184 2424 Fulmen
196 2373 292 2425 detulit
303 2374 332 2424 in
344 2380 426 2425 terras
438 2376 592 2427 mortalibus
604 2377 692 2443 ignem

71 2441 214 2502 Primitus;
230 2442 293 2493 inde
305 2444 389 2494 omnis
400 2443 564 2495 flammarum
577 2445 678 2497 diditur
689 2446 772 2498 ardor.

71 2508 160 2561 Multa
171 2510 290 2561 videmus
302 2511 372 2562 enim
385 2512 534 2564 coelestibus
546 2514 628 2564 incita
639 2513 752 2566 flammis

72 2576 191 2645 Fulgere,
205 2595 287 2645 quum
299 2580 358 2630 coeli
370 2580 477 2631 donavit
489 2582 568 2648 plaga
580 2600 693 2650 vapores.

72 2645 108 2698 Et
119 2664 222 2698 ramosa
233 2652 323 2699 tamen
335 2665 416 2715 quum
428 2651 514 2701 ventis
526 2651 602 2718 pulsa
614 2652 740 2706 vacillans
812 2704 821 2717 ‚

480 2733 499 2772 E

914 2716 928 2823 l
