1928 2964
71 148 106 198 66
385 143 414 196 u.
432 142 600 195 nocuum
623 149 626 155 '

72 245 98 298 N
98 263 149 313 am,
162 262 242 313 quare
253 245 341 326 potius
353 244 401 296 leti
409 246 467 312 jam
478 245 569 296 limine
581 245 614 297 ab
626 245 683 324 ipso

72 316 114 367 Ad
127 315 210 368 vitam
222 315 323 382 possint
337 315 455 382 conjecta
467 320 555 366 mente
567 314 670 380 reverti,

73 384 165 450 Quam,
177 401 228 451 quo
241 384 380 435 decursum
391 400 472 451 prope
480 385 538 452 jam
550 383 605 449 siet,
618 383 656 434 ire
668 389 695 434 et
707 382 780 435 abire
792 382 803 436 ι
842 444 844 448 ,

108 453 238 504 Praeterea
238 453 382 520 ,quoniam
393 452 466 504 dolor
478 459 525 518 est,
537 451 583 503 ubi
595 424 716 504 materiai

73 522 192 590 Corpora,
204 539 232 574 ιι
223 522 357 589 'quadam
369 538 416 588 per
427 521 526 572 viscera
538 521 605 586 viva,
618 538 665 588 per
677 527 751 572 artus

73 589 227 657 Sollicitata,
239 591 293 642 suis
305 590 458 657 trepidant'
451 606 480 640 ιιι
492 589 595 641 sedibus
607 590 697 652 intus;

74 660 157 726 Inque
168 661 256 718 locum
285 659 372 711 uando
384 659 535 725 remigrant,
546 658 578 710 fit
589 657 687 711 blanda
698 658 838 727 voluptas:
832 700 844 716 .,

62 728 144 784 ‚Scire
156 729 225 796 licet,
237 677 310 780 ιιιιιιΙο
322 727 463 795 primordia
475 744 548 795 posse
560 727 647 778 dolore

73 797 187 864 Tentari,
199 769 352 866 nullamque
364 796 526 864 voluptatem
538 813 629 876 capere
641 813 675 848 ex
687 813 732 849 se:

74 865 292 933 Quandoquidem
303 883 356 917 non
368 871 430 916 sunt
442 882 475 916 ex
487 865 549 916 ullis
561 864 751 933 principiorum

74 934 235 1002 Corporibus,
248 951 360 1003 quorum
371 940 457 986 motus
469 935 587 986 novitate
599 934 725 1000 laborent,

73 1004 130 1055 Aut
141 1003 255 1084 aliquem
267 1004 384 1054 fructum
396 1003 504 1071 capiant
516 1002 660 1055 dulcedinis
672 975 765 1056 alniae.

74 1071 155 1124 Haud
167 1073 250 1139 igitur
262 1072 357 1123 debent
346 1078 424 1123 tesse
437 1072 490 1124 ullo
502 1072 613 1140 praedita
625 1089 712 1126 sensu.

108 1141 236 1208 Denique,
248 1141 290 1194 uti
302 1141 402 1209 possint
414 1141 509 1192 sentire
520 1140 645 1192 animalia
657 1157 774 1208 quaeque,

75 1209 247 1279 Principiis'
227 1228 250 1262 ιι
257 1213 314 1278 jam
327 1216 367 1262 est
378 1227 468 1262 seusus
480 1210 634 1262 tribuendus
647 1227 753 1262 eorum:

75 1279 165 1343 Quidt
184 1297 266 1360 genus
278 1279 424 1331 humanum
436 1280 574 1347 propritim
583 1279 615 1330 de
627 1278 721 1346 quibus
731 1284 841 1332 auctum
853 1304 855 1325 ι

74 1348 179 1401 Scilicet
191 1354 217 1400 et
229 1349 283 1400 risu
295 1349 406 1400 tremulo
419 1365 543 1400 concussa
555 1347 721 1412 cachinnant,

73 1417 109 1469 Et
121 1417 261 1484 lachrymis
274 1423 401 1485 spargunt
412 1417 559 1469 rorantibus
571 1433 615 1468 ora
627 1433 767 1485 genasque,

73 1484 213 1554 Multaque
224 1486 257 1536 de
268 1503 355 1537 rerum
366 1487 483 1537 mixtura
494 1486 580 1537 dicere
591 1484 696 1549 callent,

73 1553 109 1607 Et
121 1555 171 1606 sibi
182 1571 304 1623 proporro
317 1571 375 1622 quae
388 1555 442 1606 sint
453 1554 594 1623 primordia
607 1525 737 1629 ιιιιιιιιιιιι.

75 1623 293 1691 Quandoquidem
304 1624 367 1675 totis
379 1625 532 1675 mortalibus
544 1621 690 1675 assimilata

74 1692 136 1760 Ipsa
147 1709 250 1760 quoque
262 1709 295 1744 ex
308 1692 367 1744 aliis
378 1692 475 1744 debent
487 1698 606 1744 constare
618 1692 773 1756 elementis;

73 1762 140 1814 Inde
153 1761 205 1813 alia
212 1779 250 1817 ex
263 1761 322 1814 aliis
323 1778 473 1829 ,nusquam
485 1761 624 1813 consistere
635 1767 667 1813 ut
679 1761 756 1814 ausis.

74 1830 178 1899 Quippe
190 1847 290 1898 sequar,
304 1802 484 1898 quodcumque
496 1830 567 1897 loqur
560 1829 715 1897 ridereque
728 1830 807 1898 dices,

74 1898 109 1951 Et
122 1917 217 1967 sapere,
230 1916 263 1951 ex
276 1899 334 1950 aliis
347 1900 437 1951 eadem
449 1899 505 1951 haec
517 1897 680 1964 iacientibus,
693 1904 725 1950 ut
737 1899 779 1954 sit.

74 1968 182 2032 Quod'
163 1986 185 2019 ιι
197 1968 279 2020 delira
291 1968 348 2019 haec
360 1968 509 2034 fruiosaque
521 1968 651 2020 cernimus
663 1985 736 2021 esse:

74 2036 109 2089 Et
121 2037 263 2089 rideret
217 2054 250 2104 po
252 2042 303 2089 test
315 2054 368 2088 non
380 2054 413 2088 ex
425 2037 512 2088 rident
513 2037 572 2088 ibus
584 2043 646 2089 auct
649 2053 686 2101 us,

73 2105 109 2158 Et
122 2123 217 2174 sapere,
230 2112 257 2157 et
269 2106 352 2157 doctis
363 2106 491 2158 rationem
503 2106 610 2158 reddere
623 2105 708 2171 dictis,

73 2175 131 2229 Non
144 2193 178 2228 ex
190 2174 331 2226 seminibus
344 2175 445 2241 sapient
434 2174 504 2226 tibus
514 2183 594 2243 atque
606 2174 724 2226 disertis:

74 2245 125 2309 Qui
137 2246 224 2296 minus
236 2261 290 2296 esse
303 2249 401 2323 queant
413 2260 522 2311 eaquae
534 2244 631 2296 sentire
642 2243 762 2296 videmus

72 2313 220 2368 Seminibus
232 2312 364 2392 permixta
376 2311 523 2364 carentibus
536 2313 650 2393 undique
663 2329 739 2363 sensu
751 2312 761 2363 ι

108 2384 228 2450 Denique
240 2381 336 2433 coelest'
317 2387 338 2432 tr
351 2398 440 2432 sumus
453 2398 540 2433 omnes
553 2382 651 2434 semine
663 2381 785 2435 oriundi:

73 2449 200 2504 Omnibus
212 2451 258 2502 ille
269 2451 339 2502 idem
352 2456 426 2518 pater
438 2456 484 2516 est,
496 2451 567 2502 unde
579 2450 649 2502 alma
660 2450 792 2530 liquentes

73 2519 198 2571 ‚llumoris
210 2525 301 2586 guttas
313 2525 368 2570 mat
369 2536 397 2570 er
409 2536 491 2586 quum
503 2524 572 2571 terra
580 2519 690 2587 recepit,

73 2582 148 2640 Foeta
159 2589 230 2654 parit
242 2593 282 2638 mt
262 2587 339 2638 tidas
351 2588 440 2655 fruges
448 2587 609 2668 arbustaque
620 2588 689 2653 laeta,

63 2656 105 2707 Et
110 2671 202 2723 genus
211 2655 368 2722 humanum,
380 2653 452 2726 parit'
462 2657 550 2708 omnia
561 2656 638 2708 saecla
648 2658 784 2721 ferarum
