<?xml version="1.0" encoding="UTF-8"?>
<!DOCTYPE html PUBLIC "-//W3C//DTD XHTML 1.0 Transitional//EN"
    "http://www.w3.org/TR/xhtml1/DTD/xhtml1-transitional.dtd">
<html xmlns="http://www.w3.org/1999/xhtml" xml:lang="en" lang="en">
 <head>
  <title>
</title>
<meta http-equiv="Content-Type" content="text/html;charset=utf-8" />
  <meta name='ocr-system' content='tesseract 3.04.00' />
  <meta name='ocr-capabilities' content='ocr_page ocr_carea ocr_par ocr_line ocrx_word'/>
</head>
<body>
  <div class='ocr_page' id='page_1' title='image "./tlucretiicaride03carugoog_0032.png"; bbox 0 0 1928 2964; ppageno 0'>
   <div class='ocr_carea' id='block_1_1' title="bbox 360 127 629 184">
    <p class='ocr_par' dir='ltr' id='par_1_1' title="bbox 360 127 629 184">
     <span class='ocr_line' id='line_1_1' title="bbox 360 127 629 184; baseline 0.004 -2"><span class='ocrx_word' id='word_1_1' title='bbox 360 128 469 182; x_wconf 76' lang='lat' dir='ltr'>LIBER</span> <span class='ocrx_word' id='word_1_2' title='bbox 485 127 629 184; x_wconf 84' lang='lat' dir='ltr'>PRIMUS.</span> 
     </span>
    </p>
   </div>
   <div class='ocr_carea' id='block_1_2' title="bbox 57 231 912 2706">
    <p class='ocr_par' dir='ltr' id='par_1_2' title="bbox 57 231 912 2706">
     <span class='ocr_line' id='line_1_2' title="bbox 57 231 719 299; baseline -0.009 -10"><span class='ocrx_word' id='word_1_3' title='bbox 57 278 61 289; x_wconf 78' lang='grc'>.</span> <span class='ocrx_word' id='word_1_4' title='bbox 71 231 105 286; x_wconf 84' lang='lat' dir='ltr'><strong>Et</strong></span> <span class='ocrx_word' id='word_1_5' title='bbox 118 232 197 285; x_wconf 88' lang='lat' dir='ltr'><strong>simul</strong></span> <span class='ocrx_word' id='word_1_6' title='bbox 209 232 324 285; x_wconf 84' lang='lat' dir='ltr'><strong>intereat</strong></span> <span class='ocrx_word' id='word_1_7' title='bbox 336 231 472 284; x_wconf 90' lang='lat' dir='ltr'><strong>nobiscum</strong></span> <span class='ocrx_word' id='word_1_8' title='bbox 483 237 568 285; x_wconf 84' lang='lat' dir='ltr'><strong>morte</strong></span> <span class='ocrx_word' id='word_1_9' title='bbox 580 232 719 299; x_wconf 85' lang='lat' dir='ltr'><strong>dirempta,</strong></span> 
     </span>
     <span class='ocr_line' id='line_1_3' title="bbox 70 300 680 368; baseline -0.002 -16"><span class='ocrx_word' id='word_1_10' title='bbox 70 301 113 352; x_wconf 79' lang='lat' dir='ltr'><strong>An</strong></span> <span class='ocrx_word' id='word_1_11' title='bbox 125 301 247 354; x_wconf 81' lang='lat' dir='ltr'><strong>tenebras</strong></span> <span class='ocrx_word' id='word_1_12' title='bbox 260 301 323 354; x_wconf 88' lang='lat' dir='ltr'><strong>Orci</strong></span> <span class='ocrx_word' id='word_1_13' title='bbox 334 301 403 354; x_wconf 78' lang='lat' dir='ltr'><strong>viset</strong></span> <span class='ocrx_word' id='word_1_14' title='bbox 415 307 554 368; x_wconf 67' lang='lat' dir='ltr'><strong>vadasque</strong></span> <span class='ocrx_word' id='word_1_15' title='bbox 566 300 680 366; x_wconf 81' lang='lat' dir='ltr'><strong>lacunas,</strong></span> 
     </span>
     <span class='ocr_line' id='line_1_4' title="bbox 70 369 632 438; baseline -0.002 -17"><span class='ocrx_word' id='word_1_16' title='bbox 70 370 113 421; x_wconf 79' lang='lat' dir='ltr'><strong>An</strong></span> <span class='ocrx_word' id='word_1_17' title='bbox 124 370 238 438; x_wconf 85' lang='lat' dir='ltr'><strong>pecudes</strong></span> <span class='ocrx_word' id='word_1_18' title='bbox 249 369 316 422; x_wconf 86' lang='lat' dir='ltr'><strong>alias</strong></span> <span class='ocrx_word' id='word_1_19' title='bbox 328 370 458 422; x_wconf 86' lang='lat' dir='ltr'><strong>divinitus</strong></span> <span class='ocrx_word' id='word_1_20' title='bbox 469 369 586 421; x_wconf 79' lang='lat' dir='ltr'><strong>insinuet</strong></span> <span class='ocrx_word' id='word_1_21' title='bbox 598 385 632 434; x_wconf 84' lang='lat' dir='ltr'><strong>se,</strong></span> 
     </span>
     <span class='ocr_line' id='line_1_5' title="bbox 69 438 715 506; baseline 0 -16"><span class='ocrx_word' id='word_1_22' title='bbox 69 438 171 490; x_wconf 87' lang='lat' dir='ltr'><strong>Ennius</strong></span> <span class='ocrx_word' id='word_1_23' title='bbox 184 444 216 490; x_wconf 97' lang='lat' dir='ltr'><strong>ut</strong></span> <span class='ocrx_word' id='word_1_24' title='bbox 227 444 316 490; x_wconf 86' lang='lat' dir='ltr'><strong>noster</strong></span> <span class='ocrx_word' id='word_1_25' title='bbox 327 438 431 504; x_wconf 84' lang='lat' dir='ltr'>cecinit,</span> <span class='ocrx_word' id='word_1_26' title='bbox 443 439 488 506; x_wconf 92' lang='lat' dir='ltr'><strong>qui</strong></span> <span class='ocrx_word' id='word_1_27' title='bbox 518 438 600 489; x_wconf 91' lang='lat' dir='ltr'><strong>rimus</strong></span> <span class='ocrx_word' id='word_1_28' title='bbox 612 453 715 490; x_wconf 86' lang='lat' dir='ltr'><strong>amoeno</strong></span> 
     </span>
     <span class='ocr_line' id='line_1_6' title="bbox 68 507 729 574; baseline 0 -16"><span class='ocrx_word' id='word_1_29' title='bbox 68 507 175 559; x_wconf 87' lang='lat' dir='ltr'><strong>Detulit</strong></span> <span class='ocrx_word' id='word_1_30' title='bbox 187 523 221 558; x_wconf 87' lang='lat' dir='ltr'><strong>ex</strong></span> <span class='ocrx_word' id='word_1_31' title='bbox 234 507 361 559; x_wconf 88' lang='lat' dir='ltr'><strong>Helicone</strong></span> <span class='ocrx_word' id='word_1_32' title='bbox 373 507 482 574; x_wconf 89' lang='lat' dir='ltr'><strong>perenni</strong></span> <span class='ocrx_word' id='word_1_33' title='bbox 520 507 587 559; x_wconf 87' lang='lat' dir='ltr'><strong>ende</strong></span> <span class='ocrx_word' id='word_1_34' title='bbox 600 523 729 573; x_wconf 87' lang='lat' dir='ltr'><strong>coronam,</strong></span> 
     </span>
     <span class='ocr_line' id='line_1_7' title="bbox 69 575 910 642; baseline 0 -16"><span class='ocrx_word' id='word_1_35' title='bbox 69 575 121 628; x_wconf 90' lang='lat' dir='ltr'><strong>Per</strong></span> <span class='ocrx_word' id='word_1_36' title='bbox 133 581 226 642; x_wconf 81' lang='lat' dir='ltr'><strong>gentes</strong></span> <span class='ocrx_word' id='word_1_37' title='bbox 239 575 321 627; x_wconf 82' lang='lat' dir='ltr'><strong>Italas</strong></span> <span class='ocrx_word' id='word_1_38' title='bbox 332 575 470 626; x_wconf 88' lang='lat' dir='ltr'><strong>hominnm</strong></span> <span class='ocrx_word' id='word_1_39' title='bbox 483 591 541 642; x_wconf 83' lang='lat' dir='ltr'><strong>quae</strong></span> <span class='ocrx_word' id='word_1_40' title='bbox 556 575 627 627; x_wconf 81' lang='lat' dir='ltr'><strong>clera</strong></span> <span class='ocrx_word' id='word_1_41' title='bbox 638 575 744 628; x_wconf 88' lang='lat' dir='ltr'><strong>clueret.</strong></span> <span class='ocrx_word' id='word_1_42' title='bbox 802 588 811 598; x_wconf 87' lang='lat'><strong>·</strong></span> <span class='ocrx_word' id='word_1_43' title='bbox 861 577 910 626; x_wconf 80' lang='lat'><strong>120</strong></span> 
     </span>
     <span class='ocr_line' id='line_1_8' title="bbox 68 643 702 712; baseline 0 -16"><span class='ocrx_word' id='word_1_44' title='bbox 68 644 127 696; x_wconf 78' lang='lat' dir='ltr'><strong>Etsi</strong></span> <span class='ocrx_word' id='word_1_45' title='bbox 139 649 266 712; x_wconf 86' lang='lat' dir='ltr'><strong>praeterea</strong></span> <span class='ocrx_word' id='word_1_46' title='bbox 277 649 367 696; x_wconf 84' lang='lat' dir='ltr'><strong>tamen</strong></span> <span class='ocrx_word' id='word_1_47' title='bbox 379 660 434 696; x_wconf 87' lang='lat' dir='ltr'><strong>esse</strong></span> <span class='ocrx_word' id='word_1_48' title='bbox 445 643 590 696; x_wconf 86' lang='lat' dir='ltr'><strong>Acherusia</strong></span> <span class='ocrx_word' id='word_1_49' title='bbox 601 644 702 712; x_wconf 85' lang='lat' dir='ltr'><strong>templa</strong></span> 
     </span>
     <span class='ocr_line' id='line_1_9' title="bbox 68 711 642 780; baseline 0 -16"><span class='ocrx_word' id='word_1_50' title='bbox 68 713 171 764; x_wconf 86' lang='lat' dir='ltr'><strong>Ennius</strong></span> <span class='ocrx_word' id='word_1_51' title='bbox 184 713 288 765; x_wconf 84' lang='lat' dir='ltr'><strong>aeternis</strong></span> <span class='ocrx_word' id='word_1_52' title='bbox 300 712 409 780; x_wconf 78' lang='lat' dir='ltr'>exponit</span> <span class='ocrx_word' id='word_1_53' title='bbox 420 711 536 765; x_wconf 84' lang='lat' dir='ltr'><strong>versibus</strong></span> <span class='ocrx_word' id='word_1_54' title='bbox 548 712 642 776; x_wconf 86' lang='lat' dir='ltr'><strong>edens;</strong></span> 
     </span>
     <span class='ocr_line' id='line_1_10' title="bbox 68 781 851 861; baseline 0 -29"><span class='ocrx_word' id='word_1_55' title='bbox 68 782 126 845; x_wconf 88' lang='lat' dir='ltr'><strong>Quo</strong></span> <span class='ocrx_word' id='word_1_56' title='bbox 138 798 225 848; x_wconf 90' lang='lat' dir='ltr'><strong>neque</strong></span> <span class='ocrx_word' id='word_1_57' title='bbox 236 781 407 848; x_wconf 60' lang='lat' dir='ltr'><strong>permanent*</strong></span> <span class='ocrx_word' id='word_1_58' title='bbox 419 781 521 847; x_wconf 75' lang='lat' dir='ltr'><strong>anima,</strong></span> <span class='ocrx_word' id='word_1_59' title='bbox 533 797 619 848; x_wconf 87' lang='lat' dir='ltr'><strong>neque</strong></span> <span class='ocrx_word' id='word_1_60' title='bbox 630 797 736 861; x_wconf 87' lang='lat' dir='ltr'><strong>corpora</strong></span> <span class='ocrx_word' id='word_1_61' title='bbox 747 784 851 844; x_wconf 86' lang='lat' dir='ltr'><strong>nostra;</strong></span> 
     </span>
     <span class='ocr_line' id='line_1_11' title="bbox 67 849 735 918; baseline 0 -16"><span class='ocrx_word' id='word_1_62' title='bbox 67 849 119 902; x_wconf 81' lang='lat' dir='ltr'><strong>Sed</strong></span> <span class='ocrx_word' id='word_1_63' title='bbox 132 850 253 917; x_wconf 85' lang='lat' dir='ltr'><strong>quaedsm</strong></span> <span class='ocrx_word' id='word_1_64' title='bbox 264 849 403 901; x_wconf 84' lang='lat' dir='ltr'><strong>simulacra</strong></span> <span class='ocrx_word' id='word_1_65' title='bbox 414 849 498 901; x_wconf 87' lang='lat' dir='ltr'><strong>modis</strong></span> <span class='ocrx_word' id='word_1_66' title='bbox 509 849 638 918; x_wconf 88' lang='lat' dir='ltr'><strong>pallentia</strong></span> <span class='ocrx_word' id='word_1_67' title='bbox 648 851 735 902; x_wconf 80' lang='lat' dir='ltr'><strong>mnis:</strong></span> 
     </span>
     <span class='ocr_line' id='line_1_12' title="bbox 68 918 701 985; baseline 0 -15"><span class='ocrx_word' id='word_1_68' title='bbox 68 918 146 970; x_wconf 83' lang='lat' dir='ltr'><strong>Unde</strong></span> <span class='ocrx_word' id='word_1_69' title='bbox 158 919 208 970; x_wconf 89' lang='lat' dir='ltr'><strong>sibi</strong></span> <span class='ocrx_word' id='word_1_70' title='bbox 221 924 339 970; x_wconf 79' lang='lat' dir='ltr'><strong>exortam</strong></span> <span class='ocrx_word' id='word_1_71' title='bbox 351 935 452 985; x_wconf 86' lang='lat' dir='ltr'><strong>semper</strong></span> <span class='ocrx_word' id='word_1_72' title='bbox 463 918 579 970; x_wconf 86' lang='lat' dir='ltr'><strong>florentis</strong></span> <span class='ocrx_word' id='word_1_73' title='bbox 593 919 701 970; x_wconf 83' lang='lat' dir='ltr'>Homeri</span> 
     </span>
     <span class='ocr_line' id='line_1_13' title="bbox 67 986 768 1055; baseline 0 -16"><span class='ocrx_word' id='word_1_74' title='bbox 67 987 259 1039; x_wconf 74' lang='lat' dir='ltr'><strong>Commemorat</strong></span> <span class='ocrx_word' id='word_1_75' title='bbox 270 986 389 1055; x_wconf 86' lang='lat' dir='ltr'><strong>speciem,</strong></span> <span class='ocrx_word' id='word_1_76' title='bbox 402 987 531 1054; x_wconf 83' lang='lat' dir='ltr'><strong>lacrymas</strong></span> <span class='ocrx_word' id='word_1_77' title='bbox 543 986 676 1039; x_wconf 84' lang='lat' dir='ltr'><strong>effimdere</strong></span> <span class='ocrx_word' id='word_1_78' title='bbox 689 987 768 1040; x_wconf 85' lang='lat' dir='ltr'><strong>salsas</strong></span> 
     </span>
     <span class='ocr_line' id='line_1_14' title="bbox 67 1055 718 1124; baseline 0.002 -16"><span class='ocrx_word' id='word_1_79' title='bbox 67 1055 188 1124; x_wconf 69' lang='lat' dir='ltr'><strong>cepisse,</strong></span> <span class='ocrx_word' id='word_1_80' title='bbox 201 1062 228 1108; x_wconf 94' lang='lat' dir='ltr'><strong>et</strong></span> <span class='ocrx_word' id='word_1_81' title='bbox 239 1072 327 1108; x_wconf 87' lang='lat' dir='ltr'><strong>rerum</strong></span> <span class='ocrx_word' id='word_1_82' title='bbox 338 1061 461 1108; x_wconf 82' lang='lat' dir='ltr'><strong>natmnm</strong></span> <span class='ocrx_word' id='word_1_83' title='bbox 473 1055 621 1123; x_wconf 85' lang='lat' dir='ltr'><strong>expandere</strong></span> <span class='ocrx_word' id='word_1_84' title='bbox 633 1056 718 1109; x_wconf 87' lang='lat' dir='ltr'><strong>dictis.</strong></span> 
     </span>
     <span class='ocr_line' id='line_1_15' title="bbox 101 1123 826 1193; baseline -0.001 -17"><span class='ocrx_word' id='word_1_85' title='bbox 101 1125 276 1192; x_wconf 77' lang='lat' dir='ltr'><strong>Quapropter,</strong></span> <span class='ocrx_word' id='word_1_86' title='bbox 288 1123 354 1176; x_wconf 92' lang='lat' dir='ltr'><strong>bene</strong></span> <span class='ocrx_word' id='word_1_87' title='bbox 365 1141 448 1192; x_wconf 88' lang='lat' dir='ltr'><strong>quum</strong></span> <span class='ocrx_word' id='word_1_88' title='bbox 460 1125 561 1193; x_wconf 88' lang='lat' dir='ltr'><strong>superis</strong></span> <span class='ocrx_word' id='word_1_89' title='bbox 573 1125 606 1176; x_wconf 94' lang='lat' dir='ltr'><strong>de</strong></span> <span class='ocrx_word' id='word_1_90' title='bbox 617 1125 693 1177; x_wconf 91' lang='lat' dir='ltr'><strong>rebus</strong></span> <span class='ocrx_word' id='word_1_91' title='bbox 705 1124 826 1176; x_wconf 75' lang='lat' dir='ltr'><strong>habende</strong></span> 
     </span>
     <span class='ocr_line' id='line_1_16' title="bbox 66 1192 658 1260; baseline 0 -15"><span class='ocrx_word' id='word_1_92' title='bbox 66 1192 91 1244; x_wconf 86' lang='lat' dir='ltr'>N</span> <span class='ocrx_word' id='word_1_93' title='bbox 92 1194 149 1245; x_wconf 89' lang='lat' dir='ltr'><strong>obis</strong></span> <span class='ocrx_word' id='word_1_94' title='bbox 161 1198 202 1245; x_wconf 90' lang='lat' dir='ltr'><strong>est</strong></span> <span class='ocrx_word' id='word_1_95' title='bbox 242 1193 280 1244; x_wconf 91' lang='lat' dir='ltr'><strong>tio</strong></span> <span class='ocrx_word' id='word_1_96' title='bbox 328 1193 360 1244; x_wconf 91' lang='lat' dir='ltr'><strong>lis</strong></span> <span class='ocrx_word' id='word_1_97' title='bbox 372 1193 495 1260; x_wconf 85' lang='lat' dir='ltr'><strong>lunaeque</strong></span> <span class='ocrx_word' id='word_1_98' title='bbox 505 1198 608 1245; x_wconf 87' lang='lat' dir='ltr'><strong>meatus</strong></span> <span class='ocrx_word' id='word_1_99' title='bbox 654 1201 658 1211; x_wconf 93' lang='lat'>&#39;</span> 
     </span>
     <span class='ocr_line' id='line_1_17' title="bbox 67 1261 907 1330; baseline -0.002 -16"><span class='ocrx_word' id='word_1_100' title='bbox 67 1262 126 1325; x_wconf 85' lang='lat' dir='ltr'><strong>Qua</strong></span> <span class='ocrx_word' id='word_1_101' title='bbox 139 1261 206 1313; x_wconf 83' lang='lat' dir='ltr'><strong>fiant</strong></span> <span class='ocrx_word' id='word_1_102' title='bbox 337 1267 364 1314; x_wconf 85' lang='lat' dir='ltr'><strong>et</strong></span> <span class='ocrx_word' id='word_1_103' title='bbox 376 1263 468 1330; x_wconf 84' lang='lat' dir='ltr'><strong>quavi</strong></span> <span class='ocrx_word' id='word_1_104' title='bbox 480 1278 590 1330; x_wconf 80' lang='lat' dir='ltr'><strong>quaeque</strong></span> <span class='ocrx_word' id='word_1_105' title='bbox 602 1268 729 1329; x_wconf 85' lang='lat' dir='ltr'><strong>gerantur</strong></span> <span class='ocrx_word' id='word_1_106' title='bbox 858 1265 907 1314; x_wconf 83' lang='lat'><strong>130</strong></span> 
     </span>
     <span class='ocr_line' id='line_1_18' title="bbox 67 1329 729 1399; baseline 0.002 -18"><span class='ocrx_word' id='word_1_107' title='bbox 67 1329 100 1382; x_wconf 93' lang='lat' dir='ltr'><strong>In</strong></span> <span class='ocrx_word' id='word_1_108' title='bbox 112 1330 204 1390; x_wconf 83' lang='lat' dir='ltr'><strong>terris3</strong></span> <span class='ocrx_word' id='word_1_109' title='bbox 221 1336 286 1382; x_wconf 90' lang='lat' dir='ltr'><strong>tunc</strong></span> <span class='ocrx_word' id='word_1_110' title='bbox 298 1331 461 1399; x_wconf 90' lang='lat' dir='ltr'><strong>cumprimis</strong></span> <span class='ocrx_word' id='word_1_111' title='bbox 473 1331 575 1382; x_wconf 87' lang='lat' dir='ltr'><strong>ratione</strong></span> <span class='ocrx_word' id='word_1_112' title='bbox 586 1331 681 1398; x_wconf 79' lang='lat' dir='ltr'><strong>sagaci,</strong></span> <span class='ocrx_word' id='word_1_113' title='bbox 726 1358 729 1387; x_wconf 93' lang='lat'><strong>:</strong></span> 
     </span>
     <span class='ocr_line' id='line_1_19' title="bbox 67 1398 818 1467; baseline -0.003 -16"><span class='ocrx_word' id='word_1_114' title='bbox 67 1399 145 1451; x_wconf 87' lang='lat' dir='ltr'><strong>Unde</strong></span> <span class='ocrx_word' id='word_1_115' title='bbox 157 1399 246 1451; x_wconf 83' lang='lat' dir='ltr'><strong>anima</strong></span> <span class='ocrx_word' id='word_1_116' title='bbox 257 1403 338 1467; x_wconf 85' lang='lat' dir='ltr'><strong>atque</strong></span> <span class='ocrx_word' id='word_1_117' title='bbox 349 1398 432 1451; x_wconf 88' lang='lat' dir='ltr'><strong>animi</strong></span> <span class='ocrx_word' id='word_1_118' title='bbox 444 1405 547 1451; x_wconf 88' lang='lat' dir='ltr'><strong>constet</strong></span> <span class='ocrx_word' id='word_1_119' title='bbox 558 1405 661 1467; x_wconf 84' lang='lat' dir='ltr'><strong>natura,</strong></span> <span class='ocrx_word' id='word_1_120' title='bbox 674 1399 818 1452; x_wconf 84' lang='lat' dir='ltr'><strong>videndum</strong></span> 
     </span>
     <span class='ocr_line' id='line_1_20' title="bbox 66 1467 698 1536; baseline 0.003 -18"><span class='ocrx_word' id='word_1_121' title='bbox 66 1468 101 1519; x_wconf 83' lang='lat' dir='ltr'><strong>Et</strong></span> <span class='ocrx_word' id='word_1_122' title='bbox 113 1484 173 1536; x_wconf 80' lang='lat' dir='ltr'><strong>quae</strong></span> <span class='ocrx_word' id='word_1_123' title='bbox 186 1484 226 1519; x_wconf 89' lang='lat' dir='ltr'><strong>res</strong></span> <span class='ocrx_word' id='word_1_124' title='bbox 238 1467 312 1519; x_wconf 89' lang='lat' dir='ltr'><strong>nobis</strong></span> <span class='ocrx_word' id='word_1_125' title='bbox 323 1468 497 1534; x_wconf 82' lang='lat' dir='ltr'><strong>vigilantibus</strong></span> <span class='ocrx_word' id='word_1_126' title='bbox 509 1467 586 1520; x_wconf 82' lang='lat' dir='ltr'><strong>obvia</strong></span> <span class='ocrx_word' id='word_1_127' title='bbox 597 1474 698 1521; x_wconf 89' lang='lat' dir='ltr'><strong>mentes</strong></span> 
     </span>
     <span class='ocr_line' id='line_1_21' title="bbox 65 1535 709 1604; baseline 0.002 -16"><span class='ocrx_word' id='word_1_128' title='bbox 65 1536 209 1602; x_wconf 75' lang='lat' dir='ltr'><strong>i&#39;errificet,</strong></span> <span class='ocrx_word' id='word_1_129' title='bbox 221 1535 310 1588; x_wconf 86' lang='lat' dir='ltr'><strong>morbo</strong></span> <span class='ocrx_word' id='word_1_130' title='bbox 321 1536 422 1588; x_wconf 80' lang='lat' dir='ltr'><strong>effectis</strong></span> <span class='ocrx_word' id='word_1_131' title='bbox 434 1553 576 1604; x_wconf 78' lang='lat' dir='ltr'><strong>somnoque</strong></span> <span class='ocrx_word' id='word_1_132' title='bbox 588 1537 709 1604; x_wconf 80' lang='lat' dir='ltr'><strong>sepultis3</strong></span> 
     </span>
     <span class='ocr_line' id='line_1_22' title="bbox 66 1605 694 1673; baseline 0 -15"><span class='ocrx_word' id='word_1_133' title='bbox 66 1605 178 1658; x_wconf 78' lang='lat' dir='ltr'><strong>Cernere</strong></span> <span class='ocrx_word' id='word_1_134' title='bbox 192 1605 231 1657; x_wconf 91' lang='lat' dir='ltr'><strong>uti</strong></span> <span class='ocrx_word' id='word_1_135' title='bbox 243 1605 380 1657; x_wconf 84' lang='lat' dir='ltr'><strong>videamur</strong></span> <span class='ocrx_word' id='word_1_136' title='bbox 391 1622 433 1657; x_wconf 92' lang='lat' dir='ltr'><strong>eos</strong></span> <span class='ocrx_word' id='word_1_137' title='bbox 446 1605 589 1672; x_wconf 86' lang='lat' dir='ltr'><strong>audireque</strong></span> <span class='ocrx_word' id='word_1_138' title='bbox 600 1623 694 1673; x_wconf 84' lang='lat' dir='ltr'><strong>coram,</strong></span> 
     </span>
     <span class='ocr_line' id='line_1_23' title="bbox 65 1672 912 1742; baseline 0.002 -16"><span class='ocrx_word' id='word_1_139' title='bbox 65 1673 152 1727; x_wconf 87' lang='lat' dir='ltr'><strong>Morte</strong></span> <span class='ocrx_word' id='word_1_140' title='bbox 164 1672 237 1725; x_wconf 80' lang='lat' dir='ltr'><strong>obita</strong></span> <span class='ocrx_word' id='word_1_141' title='bbox 248 1690 359 1741; x_wconf 88' lang='lat' dir='ltr'><strong>quorum</strong></span> <span class='ocrx_word' id='word_1_142' title='bbox 371 1674 450 1726; x_wconf 86' lang='lat' dir='ltr'><strong>telius</strong></span> <span class='ocrx_word' id='word_1_143' title='bbox 462 1674 631 1742; x_wconf 71' lang='lat' dir='ltr'><strong>amplectitur</strong></span> <span class='ocrx_word' id='word_1_144' title='bbox 643 1692 706 1728; x_wconf 78' lang='lat' dir='ltr'><strong>ossa</strong></span> <span class='ocrx_word' id='word_1_145' title='bbox 803 1694 817 1707; x_wconf 93' lang='lat'><strong>··</strong></span> <span class='ocrx_word' id='word_1_146' title='bbox 868 1718 871 1725; x_wconf 94' lang='lat'><em>.</em></span> <span class='ocrx_word' id='word_1_147' title='bbox 893 1698 912 1711; x_wconf 74' lang='lat'><strong>.‚</strong></span> 
     </span>
     <span class='ocr_line' id='line_1_24' title="bbox 98 1741 881 1817; baseline 0.003 -22"><span class='ocrx_word' id='word_1_148' title='bbox 98 1743 156 1795; x_wconf 87' lang='lat' dir='ltr'><strong>Nec</strong></span> <span class='ocrx_word' id='word_1_149' title='bbox 168 1759 211 1793; x_wconf 93' lang='lat' dir='ltr'><strong>me</strong></span> <span class='ocrx_word' id='word_1_150' title='bbox 222 1742 394 1817; x_wconf 61' lang='lat' dir='ltr'><strong>apimifflit,</strong></span> <span class='ocrx_word' id='word_1_151' title='bbox 408 1743 546 1795; x_wconf 78' lang='lat' dir='ltr'><strong>Graiorum</strong></span> <span class='ocrx_word' id='word_1_152' title='bbox 557 1743 666 1796; x_wconf 81' lang='lat' dir='ltr'><strong>obscura</strong></span> <span class='ocrx_word' id='word_1_153' title='bbox 677 1746 781 1812; x_wconf 86' lang='lat' dir='ltr'><strong>reperta</strong></span> <span class='ocrx_word' id='word_1_154' title='bbox 807 1741 836 1783; x_wconf 89' lang='lat'><strong>·:&#39;</strong></span> <span class='ocrx_word' id='word_1_155' title='bbox 878 1798 881 1803; x_wconf 25' lang='lat'><em>⁴</em></span> 
     </span>
     <span class='ocr_line' id='line_1_25' title="bbox 64 1806 640 1878; baseline 0.002 -15"><span class='ocrx_word' id='word_1_156' title='bbox 64 1811 180 1863; x_wconf 89' lang='lat' dir='ltr'><strong>Difficile</strong></span> <span class='ocrx_word' id='word_1_157' title='bbox 192 1806 323 1863; x_wconf 75' lang='lat' dir='ltr'><strong>illustrare</strong></span> <span class='ocrx_word' id='word_1_158' title='bbox 335 1811 436 1864; x_wconf 75' lang='lat' dir='ltr'><strong>Iretinis</strong></span> <span class='ocrx_word' id='word_1_159' title='bbox 448 1812 566 1864; x_wconf 86' lang='lat' dir='ltr'><strong>versibus</strong></span> <span class='ocrx_word' id='word_1_160' title='bbox 579 1828 640 1878; x_wconf 80' lang='lat' dir='ltr'><strong>esse,</strong></span> 
     </span>
     <span class='ocr_line' id='line_1_26' title="bbox 64 1879 762 1960; baseline 0.003 -29"><span class='ocrx_word' id='word_1_161' title='bbox 64 1880 154 1932; x_wconf 83' lang='lat' dir='ltr'><strong>Multa</strong></span> <span class='ocrx_word' id='word_1_162' title='bbox 165 1879 240 1932; x_wconf 83' lang='lat' dir='ltr'><strong>novis</strong></span> <span class='ocrx_word' id='word_1_163' title='bbox 252 1880 337 1932; x_wconf 85' lang='lat' dir='ltr'><strong>verbis</strong></span> <span class='ocrx_word' id='word_1_164' title='bbox 348 1880 493 1960; x_wconf 83' lang='lat' dir='ltr'><strong>praesertim</strong></span> <span class='ocrx_word' id='word_1_165' title='bbox 505 1897 565 1933; x_wconf 89' lang='lat' dir='ltr'><strong>cnm</strong></span> <span class='ocrx_word' id='word_1_166' title='bbox 577 1881 612 1932; x_wconf 88' lang='lat' dir='ltr'><strong>sit</strong></span> <span class='ocrx_word' id='word_1_167' title='bbox 624 1881 762 1948; x_wconf 81' lang='lat' dir='ltr'><strong>agendum,</strong></span> 
     </span>
     <span class='ocr_line' id='line_1_27' title="bbox 65 1948 904 2019; baseline 0 -19"><span class='ocrx_word' id='word_1_168' title='bbox 65 1948 176 2019; x_wconf 84' lang='lat' dir='ltr'><strong>Propter</strong></span> <span class='ocrx_word' id='word_1_169' title='bbox 188 1956 332 2016; x_wconf 77' lang='lat' dir='ltr'><strong>egestatem</strong></span> <span class='ocrx_word' id='word_1_170' title='bbox 343 1949 441 2016; x_wconf 83' lang='lat' dir='ltr'><strong>lmguae</strong></span> <span class='ocrx_word' id='word_1_171' title='bbox 453 1955 480 2000; x_wconf 90' lang='lat' dir='ltr'><strong>et</strong></span> <span class='ocrx_word' id='word_1_172' title='bbox 491 1966 579 2001; x_wconf 90' lang='lat' dir='ltr'><strong>rerum</strong></span> <span class='ocrx_word' id='word_1_173' title='bbox 591 1951 749 2003; x_wconf 87' lang='lat' dir='ltr'><strong>novitatem:</strong></span> <span class='ocrx_word' id='word_1_174' title='bbox 854 1953 904 2001; x_wconf 89' lang='lat'><strong>140</strong></span> 
     </span>
     <span class='ocr_line' id='line_1_28' title="bbox 63 2017 724 2086; baseline 0 -15"><span class='ocrx_word' id='word_1_175' title='bbox 63 2017 114 2071; x_wconf 80' lang='lat' dir='ltr'><strong>Sed</strong></span> <span class='ocrx_word' id='word_1_176' title='bbox 126 2023 176 2070; x_wconf 78' lang='lat' dir='ltr'><strong>trra</strong></span> <span class='ocrx_word' id='word_1_177' title='bbox 187 2034 230 2069; x_wconf 90' lang='lat' dir='ltr'><strong>me</strong></span> <span class='ocrx_word' id='word_1_178' title='bbox 241 2017 326 2070; x_wconf 83' lang='lat' dir='ltr'><strong>virtus</strong></span> <span class='ocrx_word' id='word_1_179' title='bbox 337 2023 434 2082; x_wconf 87' lang='lat' dir='ltr'><strong>tamen,</strong></span> <span class='ocrx_word' id='word_1_180' title='bbox 447 2024 474 2071; x_wconf 93' lang='lat' dir='ltr'><strong>et</strong></span> <span class='ocrx_word' id='word_1_181' title='bbox 487 2023 591 2086; x_wconf 83' lang='lat' dir='ltr'><strong>sperata</strong></span> <span class='ocrx_word' id='word_1_182' title='bbox 602 2018 724 2086; x_wconf 83' lang='lat' dir='ltr'><strong>voluptas</strong></span> 
     </span>
     <span class='ocr_line' id='line_1_29' title="bbox 63 2086 659 2154; baseline -0.002 -15"><span class='ocrx_word' id='word_1_183' title='bbox 63 2086 156 2140; x_wconf 79' lang='lat' dir='ltr'><strong>Suavis</strong></span> <span class='ocrx_word' id='word_1_184' title='bbox 168 2086 301 2152; x_wconf 76' lang='lat' dir='ltr'><strong>amicitiae,</strong></span> <span class='ocrx_word' id='word_1_185' title='bbox 313 2087 430 2154; x_wconf 86' lang='lat' dir='ltr'><strong>quemvis</strong></span> <span class='ocrx_word' id='word_1_186' title='bbox 442 2086 532 2138; x_wconf 86' lang='lat' dir='ltr'><strong>efferre</strong></span> <span class='ocrx_word' id='word_1_187' title='bbox 544 2086 659 2140; x_wconf 74' lang='lat' dir='ltr'><strong>laborem</strong></span> 
     </span>
     <span class='ocr_line' id='line_1_30' title="bbox 63 2154 673 2223; baseline -0.002 -14"><span class='ocrx_word' id='word_1_188' title='bbox 63 2154 171 2223; x_wconf 70' lang='lat' dir='ltr'><strong>samu,</strong></span> <span class='ocrx_word' id='word_1_189' title='bbox 183 2160 212 2207; x_wconf 85' lang='lat' dir='ltr'><strong>et</strong></span> <span class='ocrx_word' id='word_1_190' title='bbox 223 2154 327 2207; x_wconf 82' lang='lat' dir='ltr'><strong>inducit</strong></span> <span class='ocrx_word' id='word_1_191' title='bbox 339 2161 429 2208; x_wconf 88' lang='lat' dir='ltr'><strong>noctes</strong></span> <span class='ocrx_word' id='word_1_192' title='bbox 440 2155 550 2222; x_wconf 85' lang='lat' dir='ltr'><strong>vigilare</strong></span> <span class='ocrx_word' id='word_1_193' title='bbox 562 2173 673 2222; x_wconf 83' lang='lat' dir='ltr'><strong>serenas,</strong></span> 
     </span>
     <span class='ocr_line' id='line_1_31' title="bbox 63 2223 783 2292; baseline -0.001 -15"><span class='ocrx_word' id='word_1_194' title='bbox 63 2223 238 2290; x_wconf 75' lang='lat' dir='ltr'><strong>Quoerontem,</strong></span> <span class='ocrx_word' id='word_1_195' title='bbox 250 2224 328 2276; x_wconf 87' lang='lat' dir='ltr'><strong>dietis</strong></span> <span class='ocrx_word' id='word_1_196' title='bbox 340 2224 435 2292; x_wconf 86' lang='lat' dir='ltr'><strong>quibus</strong></span> <span class='ocrx_word' id='word_1_197' title='bbox 447 2230 474 2276; x_wconf 91' lang='lat' dir='ltr'><strong>et</strong></span> <span class='ocrx_word' id='word_1_198' title='bbox 486 2241 538 2291; x_wconf 88' lang='lat' dir='ltr'><strong>que</strong></span> <span class='ocrx_word' id='word_1_199' title='bbox 550 2226 665 2276; x_wconf 77' lang='lat' dir='ltr'><strong>carmine</strong></span> <span class='ocrx_word' id='word_1_200' title='bbox 676 2225 783 2277; x_wconf 86' lang='lat' dir='ltr'><strong>demum</strong></span> 
     </span>
     <span class='ocr_line' id='line_1_32' title="bbox 62 2292 711 2361; baseline -0.002 -14"><span class='ocrx_word' id='word_1_201' title='bbox 62 2292 139 2347; x_wconf 70' lang='lat' dir='ltr'><strong>clus</strong></span> <span class='ocrx_word' id='word_1_202' title='bbox 149 2298 206 2345; x_wconf 74' lang='lat' dir='ltr'><strong>tnae</strong></span> <span class='ocrx_word' id='word_1_203' title='bbox 217 2293 315 2361; x_wconf 85' lang='lat' dir='ltr'><strong>possim</strong></span> <span class='ocrx_word' id='word_1_204' title='bbox 326 2293 495 2360; x_wconf 62' lang='lat' dir='ltr'><strong>praepandere</strong></span> <span class='ocrx_word' id='word_1_205' title='bbox 506 2293 609 2346; x_wconf 83' lang='lat' dir='ltr'><strong>lumine</strong></span> <span class='ocrx_word' id='word_1_206' title='bbox 620 2295 711 2360; x_wconf 90' lang='lat' dir='ltr'><strong>menti,</strong></span> 
     </span>
     <span class='ocr_line' id='line_1_33' title="bbox 63 2359 712 2431; baseline -0.002 -16"><span class='ocrx_word' id='word_1_207' title='bbox 63 2360 113 2415; x_wconf 78' lang='lat' dir='ltr'><strong>Res</strong></span> <span class='ocrx_word' id='word_1_208' title='bbox 124 2359 222 2431; x_wconf 86' lang='lat' dir='ltr'><strong>quibus</strong></span> <span class='ocrx_word' id='word_1_209' title='bbox 233 2361 350 2414; x_wconf 80' lang='lat' dir='ltr'><strong>occultas</strong></span> <span class='ocrx_word' id='word_1_210' title='bbox 362 2361 468 2428; x_wconf 88' lang='lat' dir='ltr'><strong>penitus</strong></span> <span class='ocrx_word' id='word_1_211' title='bbox 480 2363 611 2414; x_wconf 84' lang='lat' dir='ltr'><strong>convisere</strong></span> <span class='ocrx_word' id='word_1_212' title='bbox 624 2363 712 2430; x_wconf 88' lang='lat' dir='ltr'><strong>possis.</strong></span> 
     </span>
     <span class='ocr_line' id='line_1_34' title="bbox 93 2428 856 2498; baseline -0.004 -14"><span class='ocrx_word' id='word_1_213' title='bbox 93 2428 179 2485; x_wconf 80' lang='lat' dir='ltr'><strong>Hunc</strong></span> <span class='ocrx_word' id='word_1_214' title='bbox 189 2429 275 2498; x_wconf 80' lang='lat' dir='ltr'><strong>igitur</strong></span> <span class='ocrx_word' id='word_1_215' title='bbox 285 2435 410 2482; x_wconf 88' lang='lat' dir='ltr'><strong>terrorem</strong></span> <span class='ocrx_word' id='word_1_216' title='bbox 422 2429 505 2483; x_wconf 85' lang='lat' dir='ltr'><strong>animi</strong></span> <span class='ocrx_word' id='word_1_217' title='bbox 517 2431 690 2498; x_wconf 89' lang='lat' dir='ltr'><strong>tenebrasque</strong></span> <span class='ocrx_word' id='word_1_218' title='bbox 701 2446 804 2482; x_wconf 90' lang='lat' dir='ltr'><strong>necesse</strong></span> <span class='ocrx_word' id='word_1_219' title='bbox 817 2437 856 2482; x_wconf 93' lang='lat' dir='ltr'><strong>est</strong></span> 
     </span>
     <span class='ocr_line' id='line_1_35' title="bbox 61 2498 613 2565; baseline -0.004 -13"><span class='ocrx_word' id='word_1_220' title='bbox 61 2498 121 2552; x_wconf 71' lang='lat' dir='ltr'><strong>lion</strong></span> <span class='ocrx_word' id='word_1_221' title='bbox 131 2498 202 2552; x_wconf 79' lang='lat' dir='ltr'><strong>radii</strong></span> <span class='ocrx_word' id='word_1_222' title='bbox 214 2498 284 2564; x_wconf 86' lang='lat' dir='ltr'><strong>solis,</strong></span> <span class='ocrx_word' id='word_1_223' title='bbox 295 2515 382 2565; x_wconf 86' lang='lat' dir='ltr'><strong>neque</strong></span> <span class='ocrx_word' id='word_1_224' title='bbox 393 2498 482 2550; x_wconf 89' lang='lat' dir='ltr'><strong>lucida</strong></span> <span class='ocrx_word' id='word_1_225' title='bbox 494 2498 548 2551; x_wconf 90' lang='lat' dir='ltr'><strong>tela</strong></span> <span class='ocrx_word' id='word_1_226' title='bbox 560 2499 613 2551; x_wconf 88' lang='lat' dir='ltr'><strong>diei</strong></span> 
     </span>
     <span class='ocr_line' id='line_1_36' title="bbox 62 2566 658 2635; baseline -0.005 -14"><span class='ocrx_word' id='word_1_227' title='bbox 62 2566 221 2633; x_wconf 69' lang='lat' dir='ltr'><strong>Dimtiant,</strong></span> <span class='ocrx_word' id='word_1_228' title='bbox 234 2567 280 2620; x_wconf 86' lang='lat' dir='ltr'><strong>sod</strong></span> <span class='ocrx_word' id='word_1_229' title='bbox 292 2572 395 2619; x_wconf 71' lang='lat' dir='ltr'><strong>nenne</strong></span> <span class='ocrx_word' id='word_1_230' title='bbox 407 2567 513 2633; x_wconf 84' lang='lat' dir='ltr'><strong>species,</strong></span> <span class='ocrx_word' id='word_1_231' title='bbox 525 2568 658 2635; x_wconf 87' lang='lat' dir='ltr'><strong>ratioque:</strong></span> 
     </span>
     <span class='ocr_line' id='line_1_37' title="bbox 63 2634 902 2706; baseline -0.008 -16"><span class='ocrx_word' id='word_1_232' title='bbox 63 2636 227 2706; x_wconf 80' lang='lat' dir='ltr'><strong>Principium</strong></span> <span class='ocrx_word' id='word_1_233' title='bbox 238 2636 302 2689; x_wconf 88' lang='lat' dir='ltr'><strong>hinc</strong></span> <span class='ocrx_word' id='word_1_234' title='bbox 315 2637 390 2702; x_wconf 86' lang='lat' dir='ltr'><strong>cujus</strong></span> <span class='ocrx_word' id='word_1_235' title='bbox 402 2634 477 2686; x_wconf 89' lang='lat' dir='ltr'><strong>nobis</strong></span> <span class='ocrx_word' id='word_1_236' title='bbox 489 2636 596 2688; x_wconf 79' lang='lat' dir='ltr'><strong>exordis</strong></span> <span class='ocrx_word' id='word_1_237' title='bbox 608 2639 704 2700; x_wconf 74' lang='lat' dir='ltr'><strong>sumet,</strong></span> <span class='ocrx_word' id='word_1_238' title='bbox 852 2635 902 2685; x_wconf 78' lang='lat'><strong>150</strong></span> 
     </span>
    </p>
   </div>
   <div class='ocr_carea' id='block_1_3' title="bbox 398 2731 576 2788">
    <p class='ocr_par' dir='ltr' id='par_1_3' title="bbox 398 2731 576 2788">
     <span class='ocr_line' id='line_1_38' title="bbox 398 2731 576 2788; baseline 0.006 -11"><span class='ocrx_word' id='word_1_239' title='bbox 398 2731 408 2763; x_wconf 72' lang='lat'>⁵</span> <span class='ocrx_word' id='word_1_240' title='bbox 422 2741 576 2788; x_wconf 73' lang='lat' dir='ltr'><strong>permaneant.</strong></span> 
     </span>
    </p>
   </div>
   <div class='ocr_carea' id='block_1_4' title="bbox 0 0 968 2964">
    <p class='ocr_par' dir='ltr' id='par_1_4' title="bbox 0 0 968 2964">
     <span class='ocr_line' id='line_1_39' title="bbox 0 0 968 2964; baseline 0 2"><span class='ocrx_word' id='word_1_241' title='bbox 0 0 968 2964; x_wconf 95' lang='lat' dir='ltr'><strong> </strong></span> 
     </span>
    </p>
   </div>
  </div>
 </body>
</html>
