1928 2964
324 152 432 204 niune
450 152 590 216 sexsus.
646 179 649 185 -
763 150 766 155 ’
816 136 893 208 '221-

35 251 72 303 Ut
84 251 150 304 vitio
162 269 235 304 venae
247 252 397 304 tabularum
410 254 502 320 saepius
515 254 626 320 hiscant,

35 320 119 383 Quam
131 322 221 373 laxare
234 329 331 388 queant
343 339 479 389 compages
491 329 582 374 taurea
593 324 687 376 vincla.
806 327 872 376 1070

35 390 154 456 Vitigeni
166 391 257 442 latices
269 391 298 441 in
309 394 389 456 aquai
402 391 519 442 fontibus
531 392 629 443 audent
716 423 719 429 ν

33 456 147 528 Misceri,
158 476 239 526 quum
251 459 297 526 pix
310 467 423 526 nequeat
435 461 522 527 gravis
533 467 561 512 et
571 460 629 512 leve
640 462 750 514 olivum:

34 526 237 596 Purpureusque
249 528 317 579 colos
330 529 450 595 conchyli
458 530 582 595 jungitur
594 548 645 583 uno

34 596 145 665 Corpore
157 615 216 649 cum
229 596 303 661 lanae,
316 598 404 648 dirimi
418 599 527 664 quinon
540 605 618 664 queat
630 617 750 667 usquam:

33 665 101 733 Non,
114 667 136 717 si
148 666 267 734 Neptuni
278 666 362 717 fluctu
374 672 498 718 renovare
510 684 614 733 operam
627 669 687 731 des;

32 735 59 786 N
59 752 101 802 on,
113 752 185 786 mare
197 736 219 786 si
231 741 318 786 totum
329 735 394 786 velit
407 735 492 786 eluere
504 736 624 788 omnibus
638 739 721 791 undis.

32 803 154 872 Denique
165 821 206 855 res
218 821 281 855 auro
294 820 387 854 aurum
400 805 554 872 concopulat
567 823 626 871 una,

32 872 142 940 AEriquc
154 889 189 924 aes
201 872 306 941 plumbo
318 872 350 923 fit
362 873 402 923 uti
411 875 540 939 jungatur
552 872 585 924 ab
597 874 662 926 elbo.

33 941 126 994 Cetera
134 944 192 1010 jam
204 958 282 1009 quam
294 941 379 993 multa
391 940 453 992 licet
465 943 594 1010 reperire?
625 944 694 1008 Quid
707 945 784 1011 ergol

32 1009 59 1062 N
60 1027 89 1062 ec
102 1011 152 1062 tibi
165 1017 221 1062 tem
233 1010 317 1075 longis
330 1027 394 1077 opus
406 1018 446 1062 est
457 1010 610 1078 ambagibus
623 1029 740 1079 usquam,
805 1018 871 1066 1080

32 1079 59 1130 N
60 1096 89 1131 ec
101 1097 143 1131 me
153 1087 208 1132 tam
220 1079 332 1130 multam
344 1079 387 1130 hic
399 1096 503 1147 operam
516 1097 665 1133 consumere
678 1099 725 1149 par
737 1090 790 1146 est;

33 1148 85 1201 Sed
97 1148 211 1200 breviter
223 1149 312 1216 paucis
325 1154 448 1215 praestat·
461 1150 643 1216 comprendere
655 1151 748 1204 multa.

69 1218 185 1280 Quorum
197 1218 236 1268 ita
245 1224 357 1269 texturae
370 1217 519 1268 ceciderunt
530 1226 624 1270 mutua
636 1228 734 1287 contra,
785 1222 793 1238 ¹

33 1287 72 1338 Ut
84 1304 148 1338 cava
161 1286 318 1338 conveniant
331 1286 413 1353 plenis
426 1287 481 1337 haec
493 1287 571 1352 illius,
584 1288 631 1338 illa

33 1355 189 1424 Hujusque;
207 1355 276 1405 inter
288 1372 314 1406 se
322 1357 449 1422 junctura
460 1355 553 1406 horum
565 1357 663 1423 optima
675 1365 784 1410 constat.
851 1413 852 1416 ,

33 1424 83 1476 Est
96 1425 184 1490 etiam,
196 1425 270 1490 quasi
283 1429 313 1474 ut
325 1423 436 1474 annellis
449 1423 585 1490 hamisque
598 1426 703 1493 plicata,

33 1492 109 1544 Inter
121 1510 147 1544 se
160 1493 279 1558 quaedam
291 1493 390 1559 possint
402 1493 522 1560 copulata
536 1495 630 1545 teneri:

34 1561 110 1626 Quod
122 1562 206 1627 magis
217 1561 246 1612 in
257 1561 344 1629 lapide
356 1561 405 1612 hoc
417 1561 473 1612 fieri
485 1561 602 1630 ferroque
615 1563 724 1616 videtur.

250 1673 291 1726 Dc
298 1675 455 1744 pestilentia,
468 1675 538 1727 ande
549 1686 656 1730 creator.

69 1761 155 1827 Nunc,
164 1761 231 1813 ratio
243 1778 301 1828 quae
315 1762 349 1812 sit
361 1761 464 1826 morbis,
477 1768 524 1812 aut
537 1762 605 1813 unde
617 1770 724 1829 repente

33 1829 199 1882 Mortiferam
210 1831 291 1896 possit
303 1830 403 1882 cladem
415 1830 525 1881 conflare
538 1838 625 1882 coorta
804 1839 870 1886 1090

33 1898 155 1950 Morbida
167 1899 206 1950 ris
219 1898 354 1949 hominum
366 1899 462 1965 generi,
475 1898 655 1965 pecudumque
669 1903 788 1968 catervis,

34 1968 188 2035 Expediam.
218 1967 343 2033 Primum,
355 1967 499 2017 multarum
512 1967 609 2018 semina
621 1985 708 2020 rerum

34 2036 97 2088 Esse
110 2053 188 2104 supra
200 2036 283 2101 docui,
296 2053 353 2103 quae
366 2036 419 2086 sint
432 2036 523 2086 vitalia
535 2036 621 2088 nobis:

34 2105 69 2156 Et
82 2111 180 2170 contra,
192 2121 250 2173 quae
263 2105 316 2156 sint
328 2105 416 2155 morbo
428 2106 563 2170 mortique,
577 2123 679 2158 necesse
692 2114 731 2158 est

34 2173 123 2224 Multa
135 2174 237 2235 volare;
255 2191 286 2224 ea
298 2191 379 2239 quum
391 2190 452 2224 casu
465 2182 526 2223 sunt
538 2173 605 2226 forte
618 2182 712 2241 coorta,

33 2243 69 2294 Et
81 2243 267 2309 perturbarunt
279 2243 379 2308 coelum,
391 2242 422 2292 fit
434 2241 565 2292 morbidus
577 2246 628 2295 ae'r.

34 2313 122 2379 Atque
135 2329 165 2362 ea
178 2311 217 2374 vis
230 2312 312 2362 omnis
324 2311 471 2361 morborum
484 2311 663 2378 pestilitasque

34 2379 90 2431 Aut
102 2380 271 2444 extrinsecus,
284 2385 314 2431 ut
326 2379 408 2429 nubes
421 2378 572 2445 nebulaeque
584 2398 694 2447 superne

34 2448 85 2500 Per
97 2448 191 2500 coelum
203 2448 320 2510 veniunt,
333 2455 380 2499 aut
391 2449 449 2514 ipsa
461 2465 528 2514 saepe
540 2458 627 2500 coorta

33 2516 74 2568 De
86 2523 156 2568 terra
168 2522 287 2582 surgunt,
301 2517 344 2567 ubi
356 2523 475 2583 putorem
488 2516 596 2568 humida
608 2524 687 2569 nacta
698 2524 745 2585 est,
804 2520 870 2569 1100

35 2585 231 2652 Intempestivis
243 2585 391 2653 pluviisque
404 2593 430 2636 et
443 2585 537 2636 solibus
549 2586 609 2639 icta

370 2675 466 2720 ¹restut5
483 2672 530 2711 Me.
