1928 2964
82 124 133 180 170
392 123 420 177 Τ.
438 123 605 176 Lucannn

80 226 176 280 Omnia
187 226 257 278 enim
268 224 368 294 pariter
380 232 500 278 crescunt
513 233 540 279 et
551 227 642 279 robora
654 233 772 282 sumunt

116 296 202 359 Quare
214 296 294 347 etiam
306 303 385 363 atque
396 296 477 347 etiam
488 305 637 348 maternum
649 313 745 348 nomen
757 297 857 366 adepta

81 365 160 417 Terra
172 371 244 417 tenet
256 365 356 431 merito,
369 365 492 432 quoniam
503 382 586 432 genus
598 365 654 432 ipsa
666 367 768 417 creavit
870 367 913 418 820

82 433 244 499 Humanum,
257 439 336 500 atque
348 433 446 485 animal
458 451 538 501 prope
550 440 620 485 certo
632 443 749 502 tempore
761 435 836 489 fudit

83 503 173 569 Omne,
185 502 254 569 quod
265 503 294 552 in
306 502 409 568 magnis
421 501 564 554 bacchatur
575 502 705 554 montibu’
717 504 826 571 passim,

82 572 225 637 Aoniasque
237 570 316 621 simul
328 571 445 622 volucres
457 569 616 622 variantibu’
629 571 726 624 formis.

83 640 141 706 Sed,
153 639 216 707 qnia
227 637 307 690 finem
318 638 433 706 aliquam
445 638 563 708 pariendi
576 639 653 690 debet
664 639 770 706 habere,

83 707 200 772 Destitit,
214 714 243 758 ut
255 706 356 773 mulier,
369 709 453 774 spatio
466 707 566 759 defessa
577 713 694 760 vetusto:

83 776 174 829 Mutat
186 776 256 827 enim
268 776 361 827 mundi
373 784 496 828 naturam
507 777 589 828 totius
601 783 672 843 estas,

83 843 125 896 Ex
137 844 240 912 alioque
253 845 319 897 alius
332 850 416 897 status
428 846 547 913 excipere
559 846 646 896 omnia
657 842 743 912 debet,

84 914 139 966 Nec
151 921 240 965 manet
253 914 307 965 ulla
320 915 361 964 sui
373 914 464 965 similis
476 931 529 966 res:
547 914 635 966 omnia
646 915 772 981 migrant,

84 981 180 1035 Omnia
192 989 336 1035 commutat
348 988 444 1034 natura
456 990 482 1034 et
494 989 593 1035 vertere
605 1000 634 1035 co
654 982 682 1035 ‘t.

85 1051 205 1119 Namque
217 1050 290 1103 aliud
302 1052 429 1119 putrescit
441 1058 467 1103 et
479 1068 534 1104 aevo
547 999 754 1119 debileianguet
761 1069 770 1116 ;
873 1053 920 1104 830

86 1120 165 1172 Porro
177 1121 250 1172 aliud
262 1121 411 1186 concrescit,
423 1127 450 1172 et
461 1138 476 1173 e
488 1120 681 1189 contemptibus
693 1120 757 1173 exit.

86 1189 129 1241 sio
141 1189 223 1256 igitur
234 1189 327 1241 mundi
338 1195 462 1242 naturam
473 1190 555 1242 totius
568 1196 630 1241 aetas

87 1258 184 1325 Mutat,
197 1265 223 1310 et
235 1276 268 1310 ex
280 1258 332 1310 alio
344 1264 440 1310 terram
452 1265 536 1311 status
548 1258 648 1326 excipit
659 1257 734 1324 alter,

87 1327 166 1387 Quod
178 1327 272 1394 potuit,
284 1334 412 1394 nequeat;
430 1328 518 1396 possit,
531 1327 600 1394 quod
612 1344 665 1379 non
676 1326 741 1378 tulit
753 1331 824 1380 ante.

121 1395 261 1464 Multaque
273 1403 331 1448 tum
343 1396 421 1448 tellus
434 1397 513 1447 etiam
525 1401 647 1464 portentu
658 1411 746 1447 creare

88 1465 187 1518 Oonate
199 1473 246 1532 est,
258 1465 325 1517 mira
336 1465 403 1517 facie
414 1465 587 1533 membrisque
599 1469 687 1516 coorta
693 1482 700 1526 ;

88 1534 274 1600 Androgynen]
281 1534 350 1584 inter
356 1540 434 1600 utras,
439 1551 486 1585 nec
494 1540 631 1600 utramque
638 1533 773 1600 utrimque
781 1537 923 1594 remotum3

89 1601 159 1655 Orba
170 1603 266 1670 pedum
278 1603 382 1669 partim,
394 1620 521 1654 manuum
532 1602 642 1654 viduato
649 1601 779 1666 vicissim3

90 1671 177 1724 Multa
189 1671 244 1723 sine
256 1688 299 1722 ore
311 1671 398 1736 etiam,
408 1671 462 1723 sine
471 1671 547 1723 vultu
559 1688 628 1723 caeca
634 1676 738 1738 reperta
745 1689 752 1734 ;

90 1741 237 1807 Vinctaque
248 1738 423 1790 membrorum
435 1757 481 1808 per
493 1746 579 1791 totum
591 1756 683 1807 corpus
695 1739 818 1802 edhaesu3
875 1739 923 1790 840

90 1810 145 1862 Nec
157 1808 241 1860 facere
253 1814 284 1860 ut
295 1815 400 1876 possent
412 1809 563 1877 quidquam,
574 1825 623 1859 nec
636 1807 726 1859 cedere
738 1823 879 1875 quoquam,

90 1879 145 1930 Nec
157 1878 241 1930 vitare
252 1877 360 1944 malum,
370 1895 418 1929 nec
430 1895 537 1943 sumere,
551 1877 619 1944 quod
631 1876 701 1928 volet
712 1892 782 1928 usus.

125 1947 217 1999 Cetera
229 1947 261 1998 de
272 1964 366 2014 genere
378 1947 427 1998 hoc
438 1951 555 1998 monstra
566 1962 597 1998 ac
609 1951 731 2013 portenta
743 1944 864 1997 creabat:

91 2016 276 2084 Nequidquam
283 2036 290 2080 ;
308 2017 432 2083 quoniam
444 2021 539 2067 natura
550 2014 692 2066 absterruit
704 2019 830 2077 auctum;

92 2085 147 2138 Nec
159 2091 266 2154 potuere
279 2085 399 2151 cupitum
411 2085 497 2135 aetatis
509 2089 616 2150 tangere
628 2083 725 2148 florem,

92 2155 118 2206 N
119 2172 147 2207 ec
159 2154 270 2223 reperire
283 2154 377 2217 cibum,
390 2171 437 2205 nec
446 2153 526 2220 jungi
537 2169 583 2220 per
596 2151 704 2203 Veneris
715 2168 764 2203 res.

94 2222 190 2290 Multa,
203 2223 327 2287 videmus,
340 2221 410 2272 enim
422 2222 498 2285 rebus
511 2237 661 2272 concurrere
674 2219 777 2286 debent,

93 2292 131 2345 Ut
143 2291 309 2361 propagando
321 2291 420 2359 possint
432 2290 590 2360 producere¹
602 2289 685 2341 sescla.

94 2361 195 2413 Pabula
207 2362 320 2430 primum
333 2367 364 2412 ut
376 2361 437 2427 sint,
449 2360 575 2427 genitalia
587 2359 681 2410 deinde
693 2375 740 2426 per
751 2363 827 2410 artus

94 2429 206 2495 Semina,
219 2448 271 2497 qua
283 2430 383 2497 possint
395 2429 516 2481 membris
528 2445 634 2480 manare
645 2427 773 2489 remissis;
881 2429 929 2480 850

96 2498 257 2566 Feminaque
270 2505 300 2549 ut
312 2497 427 2550 maribus
440 2497 565 2564 conjungi
577 2497 665 2563 possit,
678 2495 773 2546 habere

96 2566 199 2633 Mutua,
213 2567 259 2632 qui
273 2566 398 2618 nectenth
410 2567 479 2618 inter
491 2582 517 2616 se
529 2565 626 2630 gaudia
637 2570 755 2631 uterque.

205 2651 363 2701 sproeciudere;
379 2651 426 2690 ΜΒ.
627 2645 756 2695 “ωιιῐιιειιῑ;
772 2648 821 2688 MS.
