1928 2964
75 138 126 188 212
387 134 415 187 Τ.
434 135 600 187 LUORE'I'II

74 237 118 305 Et,
131 239 225 306 quibus
238 257 252 291 e
264 238 348 290 causis
360 237 434 304 fient,
446 245 556 305 apparet
568 239 656 304 origo:

74 307 165 360 denus
176 324 209 359 ne
221 309 306 376 posite
319 307 359 358 his
373 307 433 358 Orci
444 308 593 373 regionibus
606 324 660 358 esse

75 375 208 441 Credatur,
220 383 279 444 post
291 376 353 427 hinc
365 376 466 427 enimes
478 375 636 426 Acheruntis
648 375 678 425 in
690 392 748 428 ores

74 444 175 497 Ducere
186 446 253 496 forte
266 446 326 496 deos
338 445 430 495 Mones
442 444 543 494 inferne
554 461 671 495 reamur:

74 512 188 564 Naribus
200 514 314 581 alipedes
327 519 358 564 ut
370 513 440 564 cervi
452 529 519 584 ssepe
532 518 662 578 putantur

74 581 176 634 Ducere
188 582 220 632 de
232 582 339 633 latebris
351 582 483 648 serpentia
494 581 569 632 saecla
581 581 704 632 ferorum.

74 649 150 712 Quod
161 650 252 718 procul
264 667 280 702 e
292 667 353 701 vera
365 667 444 717 quom
457 650 491 701 sit
503 650 602 700 ratione
614 650 757 717 repulsum,

74 717 197 786 Percipe;
215 736 277 770 nem
289 735 360 769 nunc
373 719 430 786 ipse
442 719 474 770 de
486 736 514 769 re
526 718 611 769 dicere
624 734 708 770 conor.

108 787 240 855 Principio
252 787 301 838 hoe
313 787 378 852 dico,
391 788 461 855 quod
473 787 530 837 dixi
542 803 609 854 soepe
621 803 724 854 quoque
736 793 808 854 ente,

74 854 108 907 In
119 861 189 908 terra
201 859 328 924 cujusque
340 857 411 907 modi
421 872 508 907 rerum
520 872 575 906 esse
586 855 684 922 figuras
695 875 701 918 ;

73 923 169 991 Mults,
181 925 238 976 cibo
251 941 309 991 quoe
321 932 384 975 sunt
396 924 495 990 vitulis,
507 924 653 990 multoque,
665 923 768 976 morbos

74 992 196 1046 Incutere
208 999 235 1045 et
245 999 356 1044 mortem
369 1009 427 1060 quse
439 993 539 1061 possint
551 992 709 1046 accelerare:
756 998 757 1002 ’

73 1060 109 1113 Et
120 1063 205 1130 magis
217 1079 270 1114 esse
283 1062 341 1114 eliis
353 1062 418 1113 alies
430 1062 609 1112 animantibus
621 1069 698 1130 uptus

74 1130 125 1182 Res
137 1131 171 1183 ed
183 1132 249 1183 vitei
262 1131 397 1197 rationem,
409 1130 569 1181 ostendimus
582 1137 650 1196 ente,
709 1171 712 1176 .

73 1197 184 1268 Propter
194 1200 346 1251 dissimilem
357 1206 479 1251 naturam
491 1199 681 1266 dissimilesque

74 1267 202 1320 Textures
213 1269 283 1319 inter
294 1285 347 1320 sese
359 1269 507 1336 primusque
518 1266 630 1334 figuras:

73 1335 161 1389 Multo
172 1344 261 1389 meent
273 1337 380 1389 inimice
391 1355 437 1405 per
449 1354 531 1402 eures,
543 1337 629 1389 multe
640 1355 686 1405 per
698 1337 768 1406 ipsas

74 1404 216 1458 Insinuent
227 1423 302 1458 neres
314 1407 410 1458 infeste.
421 1418 500 1474 etque
512 1423 603 1475 aspere
615 1413 701 1458 tactu:

74 1472 129 1525 Nec
141 1481 203 1526 sunt
214 1475 299 1526 multo
311 1492 404 1543 perum
416 1482 490 1528 tectu
502 1476 618 1543 vitando,
630 1482 818 1543 nequeuntem

74 1541 189 1611 Aspectu
201 1544 334 1611 fugiende,
348 1561 488 1612 soporeque
500 1545 587 1596 tristis
599 1562 656 1611 quae
670 1545 730 1596 sint.

73 1610 175 1664 Deinde
187 1612 274 1664 videre
286 1612 355 1677 licet,
368 1630 447 1680 quam
460 1614 552 1664 multoe
565 1614 617 1665 sint
629 1613 730 1664 homini
742 1630 784 1665 res

74 1680 178 1732 Acriter
189 1681 283 1732 infesto
296 1697 380 1746 sensu,
393 1698 550 1749 spurcaeque‚
563 1698 711 1749 gravesque.

74 1748 215 1801 Arboribus
228 1749 341 1817 primnm
353 1749 431 1800 certis
442 1752 528 1816 gravis
541 1750 634 1802 umbre
646 1750 754 1816 tribute,

75 1817 163 1886 Usque
175 1819 245 1884 odeo,
258 1818 352 1886 cepitis
364 1819 464 1870 fociant
477 1825 507 1870 ut
519 1835 585 1886 saepe
599 1820 705 1885 dolores,

75 1885 103 1938 si
115 1888 174 1954 quis
187 1906 229 1940 eas
242 1887 331 1938 subter
339 1888 425 1955 jacuit
437 1894 582 1954 prostratus
594 1888 623 1937 in
635 1887 728 1940 herbis,

110 1956 157 2008 lost
170 1958 250 2008 etiam
261 1957 363 2023 magnis
376 1956 510 2007 Heliconis
522 1956 654 2007 montibus
666 1956 748 2022 erbos,

74 2023 157 2076 Floris
170 2026 245 2076 odore
258 2026 389 2076 hominem
402 2031 469 2075 tetro
482 2032 605 2076 consuete
616 2042 715 2076 necere.

76 2092 182 2146 Scilicet
194 2095 251 2144 hoec
263 2093 321 2144 ideo
334 2094 409 2144 terris
422 2110 454 2144 ex
467 2094 554 2144 omniu
567 2100 685 2159 surgunt,

75 2161 163 2214 Multa
174 2163 257 2213 modis
270 2163 360 2214 multis
372 2162 516 2213 multarum
528 2163 627 2212 semina
639 2179 726 2212 rerum

75 2230 148 2293 Quod
161 2233 291 2298 permixta
304 2232 372 2298 gerit
384 2231 470 2296 tellus,
482 2231 644 2298 discreteque
657 2231 746 2281 trudit.

108 2299 133 2350 N
135 2308 324 2367 octuruumque
336 2317 423 2352 recens
436 2300 596 2351 exstinctum
608 2299 705 2364 lumen,
718 2300 764 2350 ubi
777 2303 833 2354 acri

73 2366 98 2418 N
99 2368 170 2421 idore
182 2369 290 2420 offendit
302 2387 383 2434 nores,
396 2369 512 2434 consopit
524 2368 620 2418 ibidem

74 2435 227 2498 Concidere;
246 2444 276 2488 ut
289 2455 381 2504 pronos
394 2438 439 2504 qui
451 2437 551 2487 morbos
564 2437 668 2487 mittere
681 2436 773 2490 suevit.

108 2504 279 2571 Gestoreoque
291 2506 365 2570 gravi
378 2506 471 2556 mulier
484 2506 567 2572 sopita
578 2505 714 2570 recumbit,

73 2570 109 2623 Et
120 2572 240 2623 menibus
254 2573 367 2625 nitidum
380 2574 475 2625 teneris
488 2591 552 2640 opus
565 2574 647 2624 effluit
659 2573 690 2637 ei,

67 2639 197 2710 Tempore
209 2657 239 2692 eo
251 2642 272 2691 si
286 2641 392 2693 odorata
405 2649 451 2708 est,
464 2659 514 2708 quo
527 2650 660 2693 menstrua
673 2641 758 2693 solvit.
