1928 2964
355 123 463 177 LIBER
479 121 624 176 PRIMUS.
877 125 907 177 11

65 225 139 277 Hinc
151 223 237 277 ulitur
248 237 324 291 porro
335 228 453 275 nostrum
464 240 548 290 genus
559 228 640 290 utque
651 222 779 277 ferarum:

66 293 139 346 Hinc
152 293 229 345 letus
241 289 319 343 urbes
329 289 417 360 pueris
428 292 519 344 florere
530 291 657 358 videmus,

66 361 289 428 Frondiferusque
301 360 374 412 novis
386 359 488 412 aribus¹
501 377 594 412 canere
605 360 723 427 undique
735 361 831 424 silvus3

66 431 139 482 Hine
151 431 228 482 sesses
239 429 352 498 pecudes
364 434 475 497 pingues
486 445 533 496 per
544 429 642 496 pabula
654 428 717 482 laetu

66 499 181 568 Corpora
194 498 338 566 deponunt,
350 503 377 549 et
389 497 503 550 candens
515 497 615 549 lurteus
627 497 721 551 humor

65 567 198 620 Uberibus
210 571 302 619 munet
314 566 450 630 distentis;
468 565 531 618 hine
542 583 611 618 nove
622 567 708 634 proles
857 570 908 619 260

65 634 187 688 Artubus
198 635 310 687 infirmis
321 640 425 687 teneras
435 634 535 686 lesciva
546 651 593 702 per
603 634 697 687 herbas

66 705 157 772 Ludit,
169 705 240 757 lacte
251 721 323 756 mero
334 709 436 761 mentes
447 719 570 771 percussu
581 704 704 758 novellas.
775 720 778 725 ’

67 773 150 827 Haud
161 773 247 842 igitur
258 772 364 841 penitus
376 777 487 840 pereunt
500 789 673 840 quaeeumque
684 773 822 828 videntur:

67 843 179 907 Quando
192 842 249 895 alid
261 858 295 894 ex
307 841 359 894 alio
371 840 455 893 reficit
467 848 570 907 nutum,
583 857 631 893 uec
643 841 725 894 ullum

67 911 133 964 Rem
146 911 222 980 gigni
234 911 344 978 patitur,
356 909 408 966 nisi
418 915 503 961 morte
515 910 608 976 adjuta
619 910 712 964 alienu.

98 980 126 1032 N
128 997 181 1032 unc
193 996 250 1046 ege,
262 996 303 1031 res
315 979 438 1046 quonium
450 978 527 1031 docui
539 995 592 1030 non
603 996 677 1046 posse
690 980 772 1033 creari

66 1047 105 1101 De
117 1048 212 1114 nihilo,
224 1065 310 1116 neque
322 1049 387 1101 item
398 1048 502 1114 genitus
513 1048 548 1099 ad
560 1047 599 1098 nil
611 1050 740 1103 revocari:

66 1117 105 1171 Ne
136 1135 173 1171 uu
185 1118 254 1169 forte
265 1122 356 1170 tumen
368 1121 465 1184 eoeptes
477 1116 594 1168 diffidere
607 1115 691 1184 dictis,

67 1136 143 1251 0υῶ
155 1191 292 1254 nequeunt
304 1185 386 1237 omlis
398 1202 486 1237 rerum
498 1185 639 1253 primordia
651 1185 738 1249 eerni3

297 1301 413 1372 Corpora
424 1319 482 1373 quae
492 1319 548 1355 nou
559 1301 689 1356 videmur.

68 1397 164 1466 Accipe
176 1401 310 1466 preterea,
322 1414 382 1465 quae
395 1413 502 1464 corpora
513 1401 572 1448 tute
584 1413 687 1448 necesse
699 1401 739 1448 est
858 1396 909 1448 270

66 1467 213 1518 confiteare
225 1482 280 1518 esse
292 1466 321 1517 in
332 1465 417 1533 rebus,
429 1482 478 1517 nee
490 1482 564 1532 posse
576 1465 666 1517 videri.

99 1534 244 1602 Principio,
255 1535 329 1587 venti
341 1535 380 1586 vis
393 1533 512 1586 verberat
524 1534 607 1586 meite
618 1532 754 1601 pontumk,

66 1604 245 1672 Ingentesque
256 1603 311 1654 ruit
323 1619 410 1669 nares,
423 1609 450 1655 et
461 1601 554 1654 nubila
566 1603 669 1667 differt;

66 1672 215 1739 Interdum,
227 1671 319 1739 rapido
331 1688 486 1740 percurrens
498 1671 610 1738 turbine,
623 1686 728 1738 campos

65 1740 212 1794 Arboribus
224 1740 329 1807 magnis
341 1741 443 1806 sternit,
455 1745 609 1808 montesque
621 1755 754 1808 supremos

66 1809 217 1875 Silvifrsgis
230 1814 311 1862 rexut
322 1809 425 1861 flabris:
442 1809 482 1861 ita
494 1809 606 1877 perfurit
618 1809 673 1861 ucri

67 1879 133 1931 (ium
145 1877 264 1944 fremitu,
277 1877 403 1946 saevitque
414 1878 511 1930 minaci
523 1895 657 1930 murmure
669 1883 774 1946 pontus.

68 1947 137 2000 Sunt
149 1946 235 2014 igitur
247 1946 320 1998 venti
332 1947 457 1998 nimirum
469 1963 576 2015 corpora
588 1963 663 2013 eaecu,

66 2016 131 2080 Quoe
144 2032 225 2081 murs,
239 2030 297 2082 quae
308 2019 398 2082 terras,
412 2032 470 2082 quae
482 2015 595 2083 denique
607 2015 700 2068 nubilu
712 2017 771 2070 coeli

66 2084 192 2150 Verrunt,
205 2100 236 2136 ue
248 2083 335 2136 subito
346 2084 472 2136 vexantia
483 2083 589 2136 turbine
600 2090 715 2152 reptent.
857 2087 910 2136 280

67 2153 120 2207 Nee
133 2153 237 2205 ratione
248 2152 337 2203 fluunt
349 2152 408 2218 elin,
422 2158 587 2220 stragemque
598 2160 752 2222 propagant,

67 2221 100 2274 Et
113 2239 198 2290 quum
209 2220 296 2272 mollis
308 2237 383 2288 uquae
394 2221 479 2273 fertur
490 2227 587 2274 nature
598 2230 707 2290 repente

67 2290 191 2343 Flumine
202 2289 356 2356 abundanti,
369 2290 438 2357 quod
450 2289 530 2357 lurgis
541 2290 667 2342 imbribus
680 2294 760 2359 auget

67 2359 206 2413 Montibus
219 2376 252 2411 ex
264 2358 327 2411 ultis
338 2375 450 2426 mugnus
462 2359 586 2411 decursus
598 2362 686 2426 aquai,

68 2428 210 2498 Frsgmins
221 2426 363 2496 conjiciens
375 2428 500 2479 silvarum
513 2427 671 2495 arbustaque
682 2432 754 2491 totu;

68 2498 120 2551 Nee
132 2497 217 2551 velidi
229 2501 340 2566 possunt
351 2502 443 2564 pontes
455 2496 585 2549 venientis
632 2498 678 2546 uui

69 2566 127 2618 Vim
139 2566 257 2619 subitam
269 2564 392 2617 tolerare:
410 2565 457 2632 ite,
469 2581 565 2633 magno
578 2570 622 2616 tur
640 2562 700 2615 idus
712 2563 798 2631 imbri,

232 2657 341 2711 ¹upibu13
357 2659 404 2699 Me.
577 2659 589 2690 ἱ
603 2662 685 2713 pertun
698 2659 748 2701 MS.
