<?xml version="1.0" encoding="UTF-8"?>
<!DOCTYPE html PUBLIC "-//W3C//DTD XHTML 1.0 Transitional//EN"
    "http://www.w3.org/TR/xhtml1/DTD/xhtml1-transitional.dtd">
<html xmlns="http://www.w3.org/1999/xhtml" xml:lang="en" lang="en">
 <head>
  <title>
</title>
<meta http-equiv="Content-Type" content="text/html;charset=utf-8" />
  <meta name='ocr-system' content='tesseract 3.04.00' />
  <meta name='ocr-capabilities' content='ocr_page ocr_carea ocr_par ocr_line ocrx_word'/>
</head>
<body>
  <div class='ocr_page' id='page_1' title='image "./tlucretiicaride03carugoog_0219.png"; bbox 0 0 1964 2970; ppageno 0'>
   <div class='ocr_carea' id='block_1_1' title="bbox 94 136 618 191">
    <p class='ocr_par' dir='ltr' id='par_1_1' title="bbox 94 136 618 191">
     <span class='ocr_line' id='line_1_1' title="bbox 94 136 618 191; baseline -0.002 -1"><span class='ocrx_word' id='word_1_1' title='bbox 94 139 145 190; x_wconf 80' lang='lat'>186</span> <span class='ocrx_word' id='word_1_2' title='bbox 404 136 432 191; x_wconf 60' lang='lat' dir='ltr'>ll.</span> <span class='ocrx_word' id='word_1_3' title='bbox 450 136 618 190; x_wconf 73' lang='lat' dir='ltr'>undamn</span> 
     </span>
    </p>
   </div>
   <div class='ocr_carea' id='block_1_2' title="bbox 94 237 940 2227">
    <p class='ocr_par' dir='ltr' id='par_1_2' title="bbox 94 237 940 2227">
     <span class='ocr_line' id='line_1_2' title="bbox 95 237 749 306; baseline 0 -16"><span class='ocrx_word' id='word_1_4' title='bbox 95 239 146 291; x_wconf 91' lang='lat' dir='ltr'>Per</span> <span class='ocrx_word' id='word_1_5' title='bbox 156 237 271 291; x_wconf 87' lang='lat' dir='ltr'>tumulos</span> <span class='ocrx_word' id='word_1_6' title='bbox 283 242 310 291; x_wconf 89' lang='lat' dir='ltr'>et</span> <span class='ocrx_word' id='word_1_7' title='bbox 322 239 452 290; x_wconf 81' lang='lat' dir='ltr'>convalles</span> <span class='ocrx_word' id='word_1_8' title='bbox 465 254 620 306; x_wconf 87' lang='lat' dir='ltr'>camposque</span> <span class='ocrx_word' id='word_1_9' title='bbox 632 238 749 305; x_wconf 85' lang='lat' dir='ltr'>profusa:</span> 
     </span>
     <span class='ocr_line' id='line_1_3' title="bbox 95 306 684 374; baseline -0.005 -15"><span class='ocrx_word' id='word_1_10' title='bbox 95 308 132 359; x_wconf 89' lang='lat' dir='ltr'>Ut</span> <span class='ocrx_word' id='word_1_11' title='bbox 144 324 215 358; x_wconf 93' lang='lat' dir='ltr'>nunc</span> <span class='ocrx_word' id='word_1_12' title='bbox 227 325 281 361; x_wconf 87' lang='lat' dir='ltr'>esse</span> <span class='ocrx_word' id='word_1_13' title='bbox 293 309 366 360; x_wconf 85' lang='lat' dir='ltr'>rides</span> <span class='ocrx_word' id='word_1_14' title='bbox 378 308 449 358; x_wconf 88' lang='lat' dir='ltr'>vario</span> <span class='ocrx_word' id='word_1_15' title='bbox 462 307 588 359; x_wconf 87' lang='lat' dir='ltr'>distincta</span> <span class='ocrx_word' id='word_1_16' title='bbox 598 306 684 374; x_wconf 91' lang='lat' dir='ltr'>lepore</span> 
     </span>
     <span class='ocr_line' id='line_1_4' title="bbox 96 374 744 444; baseline -0.003 -16"><span class='ocrx_word' id='word_1_17' title='bbox 96 376 198 441; x_wconf 83' lang='lat' dir='ltr'>Omnia,</span> <span class='ocrx_word' id='word_1_18' title='bbox 210 393 268 443; x_wconf 79' lang='lat' dir='ltr'>quae</span> <span class='ocrx_word' id='word_1_19' title='bbox 281 377 364 444; x_wconf 90' lang='lat' dir='ltr'>pomis</span> <span class='ocrx_word' id='word_1_20' title='bbox 377 377 498 427; x_wconf 81' lang='lat' dir='ltr'>intersita</span> <span class='ocrx_word' id='word_1_21' title='bbox 510 374 630 426; x_wconf 79' lang='lat' dir='ltr'>dulcibus</span> <span class='ocrx_word' id='word_1_22' title='bbox 641 378 744 440; x_wconf 89' lang='lat' dir='ltr'>ornant,</span> 
     </span>
     <span class='ocr_line' id='line_1_5' title="bbox 94 443 720 511; baseline -0.003 -16"><span class='ocrx_word' id='word_1_23' title='bbox 94 444 269 511; x_wconf 82' lang='lat' dir='ltr'>Arbustisque</span> <span class='ocrx_word' id='word_1_24' title='bbox 281 450 373 496; x_wconf 89' lang='lat' dir='ltr'>tenent</span> <span class='ocrx_word' id='word_1_25' title='bbox 384 444 505 496; x_wconf 83' lang='lat' dir='ltr'>felicibus</span> <span class='ocrx_word' id='word_1_26' title='bbox 517 443 601 495; x_wconf 89' lang='lat' dir='ltr'>obsita</span> <span class='ocrx_word' id='word_1_27' title='bbox 614 443 720 494; x_wconf 87' lang='lat' dir='ltr'>circum.</span> 
     </span>
     <span class='ocr_line' id='line_1_6' title="bbox 130 512 676 579; baseline -0.004 -15"><span class='ocrx_word' id='word_1_28' title='bbox 130 514 167 565; x_wconf 89' lang='lat' dir='ltr'>At</span> <span class='ocrx_word' id='word_1_29' title='bbox 179 514 291 579; x_wconf 87' lang='lat' dir='ltr'>liquidas</span> <span class='ocrx_word' id='word_1_30' title='bbox 304 513 481 565; x_wconf 85' lang='lat' dir='ltr'>avium&#39;voces</span> <span class='ocrx_word' id='word_1_31' title='bbox 493 512 621 563; x_wconf 74' lang='lat' dir='ltr'><strong>imitarier</strong></span> <span class='ocrx_word' id='word_1_32' title='bbox 632 528 676 562; x_wconf 89' lang='lat' dir='ltr'>ore</span> 
     </span>
     <span class='ocr_line' id='line_1_7' title="bbox 98 581 735 648; baseline -0.002 -16"><span class='ocrx_word' id='word_1_33' title='bbox 98 582 166 633; x_wconf 79' lang='lat' dir='ltr'>Ante</span> <span class='ocrx_word' id='word_1_34' title='bbox 178 582 231 633; x_wconf 84' lang='lat' dir='ltr'>fuit</span> <span class='ocrx_word' id='word_1_35' title='bbox 242 582 334 647; x_wconf 86' lang='lat' dir='ltr'>multo,</span> <span class='ocrx_word' id='word_1_36' title='bbox 346 598 426 648; x_wconf 89' lang='lat' dir='ltr'>quam</span> <span class='ocrx_word' id='word_1_37' title='bbox 436 581 513 633; x_wconf 73' lang='lat' dir='ltr'>laevia</span> <span class='ocrx_word' id='word_1_38' title='bbox 525 581 642 631; x_wconf 88' lang='lat' dir='ltr'>earmina</span> <span class='ocrx_word' id='word_1_39' title='bbox 653 585 735 631; x_wconf 89' lang='lat' dir='ltr'>cantu</span> 
     </span>
     <span class='ocr_line' id='line_1_8' title="bbox 97 648 929 716; baseline -0.006 -15"><span class='ocrx_word' id='word_1_40' title='bbox 97 649 279 701; x_wconf 79' lang='lat' dir='ltr'>Concelebrare</span> <span class='ocrx_word' id='word_1_41' title='bbox 292 649 409 701; x_wconf 89' lang='lat' dir='ltr'>homines</span> <span class='ocrx_word' id='word_1_42' title='bbox 421 656 533 716; x_wconf 78' lang='lat' dir='ltr'><strong>possent,</strong></span> <span class='ocrx_word' id='word_1_43' title='bbox 546 665 673 716; x_wconf 88' lang='lat' dir='ltr'>auresque</span> <span class='ocrx_word' id='word_1_44' title='bbox 680 650 784 715; x_wconf 84' lang='lat' dir='ltr'>jurare.</span> <span class='ocrx_word' id='word_1_45' title='bbox 865 648 929 700; x_wconf 59' lang='lat'>1350</span> 
     </span>
     <span class='ocr_line' id='line_1_9' title="bbox 97 717 783 786; baseline -0.004 -16"><span class='ocrx_word' id='word_1_46' title='bbox 97 718 132 770; x_wconf 86' lang='lat' dir='ltr'>Et</span> <span class='ocrx_word' id='word_1_47' title='bbox 145 718 258 785; x_wconf 83' lang='lat' dir='ltr'>Zephyri</span> <span class='ocrx_word' id='word_1_48' title='bbox 270 734 335 771; x_wconf 82' lang='lat' dir='ltr'>cara</span> <span class='ocrx_word' id='word_1_49' title='bbox 347 736 393 786; x_wconf 88' lang='lat' dir='ltr'>per</span> <span class='ocrx_word' id='word_1_50' title='bbox 405 717 565 770; x_wconf 77' lang='lat' dir='ltr'>calamorum</span> <span class='ocrx_word' id='word_1_51' title='bbox 578 717 654 769; x_wconf 90' lang='lat' dir='ltr'>sibila</span> <span class='ocrx_word' id='word_1_52' title='bbox 665 717 783 785; x_wconf 91' lang='lat' dir='ltr'>primum</span> 
     </span>
     <span class='ocr_line' id='line_1_10' title="bbox 97 786 652 853; baseline 0 -16"><span class='ocrx_word' id='word_1_53' title='bbox 97 787 219 853; x_wconf 86' lang='lat' dir='ltr'>Agrestes</span> <span class='ocrx_word' id='word_1_54' title='bbox 231 791 341 838; x_wconf 88' lang='lat' dir='ltr'>docuere</span> <span class='ocrx_word' id='word_1_55' title='bbox 353 803 431 839; x_wconf 87' lang='lat' dir='ltr'>cavas</span> <span class='ocrx_word' id='word_1_56' title='bbox 442 786 537 838; x_wconf 87' lang='lat' dir='ltr'>inflare·</span> <span class='ocrx_word' id='word_1_57' title='bbox 546 786 652 837; x_wconf 88' lang='lat' dir='ltr'>cicutas.</span> 
     </span>
     <span class='ocr_line' id='line_1_11' title="bbox 98 854 690 921; baseline -0.002 -15"><span class='ocrx_word' id='word_1_58' title='bbox 98 854 164 906; x_wconf 92' lang='lat' dir='ltr'>Inde</span> <span class='ocrx_word' id='word_1_59' title='bbox 175 855 328 907; x_wconf 78' lang='lat' dir='ltr'>minutatim</span> <span class='ocrx_word' id='word_1_60' title='bbox 340 855 429 907; x_wconf 84' lang='lat' dir='ltr'>dulces</span> <span class='ocrx_word' id='word_1_61' title='bbox 441 855 553 906; x_wconf 90' lang='lat' dir='ltr'>didicere</span> <span class='ocrx_word' id='word_1_62' title='bbox 565 854 690 921; x_wconf 87' lang='lat' dir='ltr'>querelas,</span> 
     </span>
     <span class='ocr_line' id='line_1_12' title="bbox 98 922 741 992; baseline 0 -18"><span class='ocrx_word' id='word_1_63' title='bbox 98 922 173 975; x_wconf 77' lang='lat' dir='ltr'>&#39;libia</span> <span class='ocrx_word' id='word_1_64' title='bbox 185 940 250 991; x_wconf 90' lang='lat' dir='ltr'>quas</span> <span class='ocrx_word' id='word_1_65' title='bbox 261 924 359 989; x_wconf 83' lang='lat' dir='ltr'>fundit,</span> <span class='ocrx_word' id='word_1_66' title='bbox 372 923 462 990; x_wconf 81' lang='lat' dir='ltr'>digitis</span> <span class='ocrx_word' id='word_1_67' title='bbox 475 923 580 992; x_wconf 86' lang='lat' dir='ltr'>pulsata</span> <span class='ocrx_word' id='word_1_68' title='bbox 592 930 741 987; x_wconf 81' lang='lat' dir='ltr'>canentum,</span> 
     </span>
     <span class='ocr_line' id='line_1_13' title="bbox 98 991 743 1060; baseline 0.003 -18"><span class='ocrx_word' id='word_1_69' title='bbox 98 992 167 1043; x_wconf 86' lang='lat' dir='ltr'>Avia</span> <span class='ocrx_word' id='word_1_70' title='bbox 178 1010 225 1060; x_wconf 92' lang='lat' dir='ltr'>per</span> <span class='ocrx_word' id='word_1_71' title='bbox 236 1009 342 1044; x_wconf 89' lang='lat' dir='ltr'>nemora</span> <span class='ocrx_word' id='word_1_72' title='bbox 353 1009 384 1044; x_wconf 86' lang='lat' dir='ltr'>ao</span> <span class='ocrx_word' id='word_1_73' title='bbox 397 992 475 1044; x_wconf 80' lang='lat' dir='ltr'>silvas</span> <span class='ocrx_word' id='word_1_74' title='bbox 488 991 621 1058; x_wconf 86' lang='lat' dir='ltr'>saltusque</span> <span class='ocrx_word' id='word_1_75' title='bbox 632 996 743 1058; x_wconf 85' lang='lat' dir='ltr'>reperta,</span> 
     </span>
     <span class='ocr_line' id='line_1_14' title="bbox 99 1059 706 1128; baseline 0 -16"><span class='ocrx_word' id='word_1_76' title='bbox 99 1059 149 1112; x_wconf 88' lang='lat' dir='ltr'>Per</span> <span class='ocrx_word' id='word_1_77' title='bbox 162 1061 218 1112; x_wconf 88' lang='lat' dir='ltr'>loca</span> <span class='ocrx_word' id='word_1_78' title='bbox 230 1066 364 1128; x_wconf 86' lang='lat' dir='ltr'>pastorum</span> <span class='ocrx_word' id='word_1_79' title='bbox 376 1061 486 1126; x_wconf 86' lang='lat' dir='ltr'>deserta,</span> <span class='ocrx_word' id='word_1_80' title='bbox 495 1065 576 1128; x_wconf 88' lang='lat' dir='ltr'>atque</span> <span class='ocrx_word' id='word_1_81' title='bbox 588 1061 643 1113; x_wconf 90' lang='lat' dir='ltr'>otia</span> <span class='ocrx_word' id='word_1_82' title='bbox 655 1060 706 1112; x_wconf 76' lang='lat' dir='ltr'>dia,</span> 
     </span>
     <span class='ocr_line' id='line_1_15' title="bbox 99 1128 738 1198; baseline -0.002 -17"><span class='ocrx_word' id='word_1_83' title='bbox 99 1128 142 1181; x_wconf 84' lang='lat' dir='ltr'>Sic</span> <span class='ocrx_word' id='word_1_84' title='bbox 155 1147 239 1181; x_wconf 89' lang='lat' dir='ltr'>unum</span> <span class='ocrx_word' id='word_1_85' title='bbox 251 1129 379 1198; x_wconf 91' lang='lat' dir='ltr'>quidquid</span> <span class='ocrx_word' id='word_1_86' title='bbox 391 1129 521 1197; x_wconf 89' lang='lat' dir='ltr'>paulatim</span> <span class='ocrx_word' id='word_1_87' title='bbox 532 1129 662 1196; x_wconf 71' lang='lat' dir='ltr'>protrahit</span> <span class='ocrx_word' id='word_1_88' title='bbox 673 1133 738 1181; x_wconf 80' lang='lat' dir='ltr'>setas</span> 
     </span>
     <span class='ocr_line' id='line_1_16' title="bbox 101 1198 717 1266; baseline 0.002 -17"><span class='ocrx_word' id='word_1_89' title='bbox 101 1199 133 1249; x_wconf 92' lang='lat' dir='ltr'>In</span> <span class='ocrx_word' id='word_1_90' title='bbox 145 1198 268 1263; x_wconf 85' lang='lat' dir='ltr'>medium,</span> <span class='ocrx_word' id='word_1_91' title='bbox 280 1199 399 1266; x_wconf 90' lang='lat' dir='ltr'>ratioque</span> <span class='ocrx_word' id='word_1_92' title='bbox 411 1199 440 1249; x_wconf 92' lang='lat' dir='ltr'>in</span> <span class='ocrx_word' id='word_1_93' title='bbox 452 1198 559 1249; x_wconf 85' lang='lat' dir='ltr'>luminis</span> <span class='ocrx_word' id='word_1_94' title='bbox 571 1198 640 1249; x_wconf 86' lang='lat' dir='ltr'>eruit</span> <span class='ocrx_word' id='word_1_95' title='bbox 652 1215 717 1250; x_wconf 90' lang='lat' dir='ltr'>oras.</span> 
     </span>
     <span class='ocr_line' id='line_1_17' title="bbox 100 1266 743 1334; baseline 0.002 -16"><span class='ocrx_word' id='word_1_96' title='bbox 100 1267 166 1318; x_wconf 83' lang='lat' dir='ltr'>Haec</span> <span class='ocrx_word' id='word_1_97' title='bbox 178 1268 277 1319; x_wconf 89' lang='lat' dir='ltr'>animos</span> <span class='ocrx_word' id='word_1_98' title='bbox 289 1267 350 1318; x_wconf 91' lang='lat' dir='ltr'>ullis</span> <span class='ocrx_word' id='word_1_99' title='bbox 362 1266 513 1319; x_wconf 90' lang='lat' dir='ltr'>mulcebant</span> <span class='ocrx_word' id='word_1_100' title='bbox 525 1272 604 1334; x_wconf 88' lang='lat' dir='ltr'>atque</span> <span class='ocrx_word' id='word_1_101' title='bbox 612 1266 743 1334; x_wconf 81' lang='lat' dir='ltr'>jurabant</span> 
     </span>
     <span class='ocr_line' id='line_1_18' title="bbox 101 1335 934 1398; baseline 0 -11"><span class='ocrx_word' id='word_1_102' title='bbox 101 1336 166 1387; x_wconf 76' lang='lat' dir='ltr'>(lum</span> <span class='ocrx_word' id='word_1_103' title='bbox 179 1336 273 1388; x_wconf 84' lang='lat' dir='ltr'>satiate</span> <span class='ocrx_word' id='word_1_104' title='bbox 284 1335 350 1398; x_wconf 89' lang='lat' dir='ltr'>cibi;</span> <span class='ocrx_word' id='word_1_105' title='bbox 368 1352 430 1388; x_wconf 90' lang='lat' dir='ltr'>nam</span> <span class='ocrx_word' id='word_1_106' title='bbox 442 1341 500 1387; x_wconf 92' lang='lat' dir='ltr'>tum</span> <span class='ocrx_word' id='word_1_107' title='bbox 512 1341 574 1386; x_wconf 80' lang='lat' dir='ltr'>sunt</span> <span class='ocrx_word' id='word_1_108' title='bbox 586 1335 673 1386; x_wconf 87' lang='lat' dir='ltr'>omnia</span> <span class='ocrx_word' id='word_1_109' title='bbox 682 1335 761 1388; x_wconf 90' lang='lat' dir='ltr'>cordi.</span> <span class='ocrx_word' id='word_1_110' title='bbox 870 1337 934 1388; x_wconf 79' lang='lat'>1390</span> 
     </span>
     <span class='ocr_line' id='line_1_19' title="bbox 101 1403 786 1472; baseline 0.001 -16"><span class='ocrx_word' id='word_1_111' title='bbox 101 1403 175 1471; x_wconf 79' lang='lat' dir='ltr'>Sapo</span> <span class='ocrx_word' id='word_1_112' title='bbox 186 1405 275 1472; x_wconf 91' lang='lat' dir='ltr'>itaque</span> <span class='ocrx_word' id='word_1_113' title='bbox 287 1405 357 1456; x_wconf 91' lang='lat' dir='ltr'>inter</span> <span class='ocrx_word' id='word_1_114' title='bbox 368 1421 395 1456; x_wconf 93' lang='lat' dir='ltr'>se</span> <span class='ocrx_word' id='word_1_115' title='bbox 407 1404 530 1471; x_wconf 72' lang='lat' dir='ltr'>prostrati</span> <span class='ocrx_word' id='word_1_116' title='bbox 541 1404 570 1454; x_wconf 92' lang='lat' dir='ltr'>in</span> <span class='ocrx_word' id='word_1_117' title='bbox 582 1404 700 1470; x_wconf 88' lang='lat' dir='ltr'>gramine</span> <span class='ocrx_word' id='word_1_118' title='bbox 711 1403 786 1457; x_wconf 89' lang='lat' dir='ltr'>molli</span> 
     </span>
     <span class='ocr_line' id='line_1_20' title="bbox 102 1471 796 1541; baseline 0 -17"><span class='ocrx_word' id='word_1_119' title='bbox 102 1473 212 1541; x_wconf 89' lang='lat' dir='ltr'>Propter</span> <span class='ocrx_word' id='word_1_120' title='bbox 224 1489 298 1539; x_wconf 79' lang='lat' dir='ltr'>aqua</span> <span class='ocrx_word' id='word_1_121' title='bbox 310 1474 403 1538; x_wconf 85' lang='lat' dir='ltr'>rivum,</span> <span class='ocrx_word' id='word_1_122' title='bbox 416 1473 464 1524; x_wconf 91' lang='lat' dir='ltr'>sub</span> <span class='ocrx_word' id='word_1_123' title='bbox 476 1473 554 1524; x_wconf 89' lang='lat' dir='ltr'>ramis</span> <span class='ocrx_word' id='word_1_124' title='bbox 567 1471 664 1524; x_wconf 88' lang='lat' dir='ltr'>arboris</span> <span class='ocrx_word' id='word_1_125' title='bbox 676 1473 744 1540; x_wconf 89' lang='lat' dir='ltr'>altae,</span> <span class='ocrx_word' id='word_1_126' title='bbox 793 1474 796 1479; x_wconf 81' lang='grc'><strong>’</strong></span> 
     </span>
     <span class='ocr_line' id='line_1_21' title="bbox 101 1540 780 1609; baseline 0.001 -16"><span class='ocrx_word' id='word_1_127' title='bbox 101 1541 127 1593; x_wconf 85' lang='lat' dir='ltr'>N</span> <span class='ocrx_word' id='word_1_128' title='bbox 128 1559 159 1592; x_wconf 92' lang='lat' dir='ltr'>on</span> <span class='ocrx_word' id='word_1_129' title='bbox 173 1542 275 1608; x_wconf 86' lang='lat' dir='ltr'>magnis</span> <span class='ocrx_word' id='word_1_130' title='bbox 287 1542 378 1609; x_wconf 89' lang='lat' dir='ltr'>opibus</span> <span class='ocrx_word' id='word_1_131' title='bbox 386 1541 504 1609; x_wconf 89' lang='lat' dir='ltr'>jucunde</span> <span class='ocrx_word' id='word_1_132' title='bbox 516 1558 622 1609; x_wconf 90' lang='lat' dir='ltr'>corpora</span> <span class='ocrx_word' id='word_1_133' title='bbox 633 1540 780 1605; x_wconf 86' lang='lat' dir='ltr'>habebant;</span> 
     </span>
     <span class='ocr_line' id='line_1_22' title="bbox 103 1609 734 1690; baseline 0.003 -30"><span class='ocrx_word' id='word_1_134' title='bbox 103 1611 250 1661; x_wconf 81' lang='lat' dir='ltr'>Praesertim</span> <span class='ocrx_word' id='word_1_135' title='bbox 262 1627 344 1677; x_wconf 88' lang='lat' dir='ltr'>quum</span> <span class='ocrx_word' id='word_1_136' title='bbox 356 1616 497 1690; x_wconf 76' lang='lat' dir='ltr'>tempestas</span> <span class='ocrx_word' id='word_1_137' title='bbox 508 1609 618 1675; x_wconf 88' lang='lat' dir='ltr'>ridebat,</span> <span class='ocrx_word' id='word_1_138' title='bbox 631 1615 658 1661; x_wconf 89' lang='lat' dir='ltr'>et</span> <span class='ocrx_word' id='word_1_139' title='bbox 670 1611 734 1662; x_wconf 90' lang='lat' dir='ltr'>anni</span> 
     </span>
     <span class='ocr_line' id='line_1_23' title="bbox 102 1678 769 1746; baseline 0.003 -16"><span class='ocrx_word' id='word_1_140' title='bbox 102 1679 229 1746; x_wconf 74' lang='lat' dir='ltr'>Tempora</span> <span class='ocrx_word' id='word_1_141' title='bbox 240 1678 384 1745; x_wconf 84' lang='lat' dir='ltr'>pingebant</span> <span class='ocrx_word' id='word_1_142' title='bbox 396 1679 539 1730; x_wconf 85' lang='lat' dir='ltr'>rrridantes</span> <span class='ocrx_word' id='word_1_143' title='bbox 550 1678 657 1730; x_wconf 87' lang='lat' dir='ltr'>floribus</span> <span class='ocrx_word' id='word_1_144' title='bbox 669 1679 769 1732; x_wconf 88' lang='lat' dir='ltr'>herbas.</span> 
     </span>
     <span class='ocr_line' id='line_1_24' title="bbox 103 1747 793 1814; baseline 0.001 -15"><span class='ocrx_word' id='word_1_145' title='bbox 103 1747 170 1799; x_wconf 74' lang='lat' dir='ltr'>&#39;lum</span> <span class='ocrx_word' id='word_1_146' title='bbox 179 1749 246 1814; x_wconf 89' lang='lat' dir='ltr'>joca,</span> <span class='ocrx_word' id='word_1_147' title='bbox 258 1753 317 1798; x_wconf 86' lang='lat' dir='ltr'>tum</span> <span class='ocrx_word' id='word_1_148' title='bbox 329 1764 418 1813; x_wconf 85' lang='lat' dir='ltr'>sermo,</span> <span class='ocrx_word' id='word_1_149' title='bbox 431 1753 489 1798; x_wconf 90' lang='lat' dir='ltr'>tum</span> <span class='ocrx_word' id='word_1_150' title='bbox 501 1747 590 1799; x_wconf 88' lang='lat' dir='ltr'>dulces</span> <span class='ocrx_word' id='word_1_151' title='bbox 602 1764 657 1798; x_wconf 90' lang='lat' dir='ltr'>esse</span> <span class='ocrx_word' id='word_1_152' title='bbox 669 1747 793 1800; x_wconf 87' lang='lat' dir='ltr'>cachinni</span> 
     </span>
     <span class='ocr_line' id='line_1_25' title="bbox 104 1815 776 1883; baseline 0.001 -15"><span class='ocrx_word' id='word_1_153' title='bbox 104 1817 279 1868; x_wconf 73' lang='lat' dir='ltr'>consuerant:</span> <span class='ocrx_word' id='word_1_154' title='bbox 297 1816 407 1882; x_wconf 89' lang='lat' dir='ltr'>agrestis</span> <span class='ocrx_word' id='word_1_155' title='bbox 419 1817 489 1867; x_wconf 92' lang='lat' dir='ltr'>enim</span> <span class='ocrx_word' id='word_1_156' title='bbox 501 1822 559 1867; x_wconf 91' lang='lat' dir='ltr'>tum</span> <span class='ocrx_word' id='word_1_157' title='bbox 571 1833 646 1868; x_wconf 87' lang='lat' dir='ltr'>musa</span> <span class='ocrx_word' id='word_1_158' title='bbox 657 1815 776 1883; x_wconf 82' lang='lat' dir='ltr'>rigebat:</span> 
     </span>
     <span class='ocr_line' id='line_1_26' title="bbox 104 1884 836 1966; baseline 0.001 -30"><span class='ocrx_word' id='word_1_159' title='bbox 104 1885 171 1937; x_wconf 75' lang='lat' dir='ltr'>&#39;lum</span> <span class='ocrx_word' id='word_1_160' title='bbox 184 1891 264 1952; x_wconf 92' lang='lat' dir='ltr'>caput</span> <span class='ocrx_word' id='word_1_161' title='bbox 276 1891 354 1966; x_wconf 85' lang='lat' dir='ltr'>atque</span> <span class='ocrx_word' id='word_1_162' title='bbox 366 1884 486 1936; x_wconf 87' lang='lat' dir='ltr'>humeros</span> <span class='ocrx_word' id='word_1_163' title='bbox 498 1885 582 1952; x_wconf 89' lang='lat' dir='ltr'>plexis</span> <span class='ocrx_word' id='word_1_164' title='bbox 594 1885 715 1937; x_wconf 90' lang='lat' dir='ltr'>redimire</span> <span class='ocrx_word' id='word_1_165' title='bbox 727 1886 836 1953; x_wconf 86' lang='lat' dir='ltr'>coronis,</span> 
     </span>
     <span class='ocr_line' id='line_1_27' title="bbox 105 1953 688 2020; baseline 0 -15"><span class='ocrx_word' id='word_1_166' title='bbox 105 1953 225 2007; x_wconf 79' lang='lat' dir='ltr'>Floribus</span> <span class='ocrx_word' id='word_1_167' title='bbox 237 1959 264 2005; x_wconf 91' lang='lat' dir='ltr'>et</span> <span class='ocrx_word' id='word_1_168' title='bbox 275 1954 352 2019; x_wconf 80' lang='lat' dir='ltr'>foliis,</span> <span class='ocrx_word' id='word_1_169' title='bbox 364 1953 472 2006; x_wconf 86' lang='lat' dir='ltr'>lascivia</span> <span class='ocrx_word' id='word_1_170' title='bbox 483 1954 546 2005; x_wconf 86' lang='lat' dir='ltr'>laeta</span> <span class='ocrx_word' id='word_1_171' title='bbox 556 1954 688 2020; x_wconf 88' lang='lat' dir='ltr'>monebat,</span> 
     </span>
     <span class='ocr_line' id='line_1_28' title="bbox 105 2022 940 2091; baseline 0.004 -17"><span class='ocrx_word' id='word_1_172' title='bbox 105 2023 193 2091; x_wconf 85' lang='lat' dir='ltr'>Atque</span> <span class='ocrx_word' id='word_1_173' title='bbox 202 2029 277 2074; x_wconf 85' lang='lat' dir='ltr'>extra</span> <span class='ocrx_word' id='word_1_174' title='bbox 284 2039 423 2074; x_wconf 89' lang='lat' dir='ltr'>numerum</span> <span class='ocrx_word' id='word_1_175' title='bbox 434 2022 578 2090; x_wconf 87' lang='lat' dir='ltr'>procedere,</span> <span class='ocrx_word' id='word_1_176' title='bbox 586 2022 704 2074; x_wconf 87' lang='lat' dir='ltr'>membra</span> <span class='ocrx_word' id='word_1_177' title='bbox 711 2029 847 2077; x_wconf 82' lang='lat' dir='ltr'>moventes</span> <span class='ocrx_word' id='word_1_178' title='bbox 874 2028 940 2077; x_wconf 84' lang='lat'>1400</span> 
     </span>
     <span class='ocr_line' id='line_1_29' title="bbox 106 2090 765 2159; baseline 0.005 -17"><span class='ocrx_word' id='word_1_179' title='bbox 106 2092 220 2156; x_wconf 82' lang='lat' dir='ltr'>Duriter,</span> <span class='ocrx_word' id='word_1_180' title='bbox 232 2097 259 2142; x_wconf 92' lang='lat' dir='ltr'>et</span> <span class='ocrx_word' id='word_1_181' title='bbox 271 2090 336 2142; x_wconf 87' lang='lat' dir='ltr'>duro</span> <span class='ocrx_word' id='word_1_182' title='bbox 349 2096 444 2142; x_wconf 87' lang='lat' dir='ltr'>terram</span> <span class='ocrx_word' id='word_1_183' title='bbox 456 2091 521 2158; x_wconf 91' lang='lat' dir='ltr'>pede</span> <span class='ocrx_word' id='word_1_184' title='bbox 533 2092 629 2159; x_wconf 91' lang='lat' dir='ltr'>pellere</span> <span class='ocrx_word' id='word_1_185' title='bbox 641 2097 765 2145; x_wconf 89' lang='lat' dir='ltr'>matrem:</span> 
     </span>
     <span class='ocr_line' id='line_1_30' title="bbox 107 2158 792 2227; baseline 0.001 -16"><span class='ocrx_word' id='word_1_186' title='bbox 107 2161 182 2212; x_wconf 90' lang='lat' dir='ltr'>Unde</span> <span class='ocrx_word' id='word_1_187' title='bbox 195 2158 343 2211; x_wconf 87' lang='lat' dir='ltr'>oriebantur</span> <span class='ocrx_word' id='word_1_188' title='bbox 354 2159 421 2210; x_wconf 89' lang='lat' dir='ltr'>risus</span> <span class='ocrx_word' id='word_1_189' title='bbox 434 2159 573 2227; x_wconf 88' lang='lat' dir='ltr'>dulcesque</span> <span class='ocrx_word' id='word_1_190' title='bbox 586 2160 715 2227; x_wconf 80' lang='lat' dir='ltr'>cachinni,</span> <span class='ocrx_word' id='word_1_191' title='bbox 790 2212 792 2217; x_wconf 86' lang='grc'>,</span> 
     </span>
    </p>
   </div>
   <div class='ocr_carea' id='block_1_3' title="bbox 86 2227 860 2718">
    <p class='ocr_par' dir='ltr' id='par_1_3' title="bbox 86 2227 860 2718">
     <span class='ocr_line' id='line_1_31' title="bbox 107 2227 860 2297; baseline 0.004 -17"><span class='ocrx_word' id='word_1_192' title='bbox 107 2229 202 2280; x_wconf 91' lang='lat' dir='ltr'>Omnia</span> <span class='ocrx_word' id='word_1_193' title='bbox 215 2227 284 2295; x_wconf 86' lang='lat' dir='ltr'>quod</span> <span class='ocrx_word' id='word_1_194' title='bbox 295 2245 363 2280; x_wconf 82' lang='lat' dir='ltr'>nora</span> <span class='ocrx_word' id='word_1_195' title='bbox 374 2233 432 2279; x_wconf 90' lang='lat' dir='ltr'>tum</span> <span class='ocrx_word' id='word_1_196' title='bbox 443 2229 527 2295; x_wconf 89' lang='lat' dir='ltr'>magis</span> <span class='ocrx_word' id='word_1_197' title='bbox 540 2229 596 2280; x_wconf 84' lang='lat' dir='ltr'>haec</span> <span class='ocrx_word' id='word_1_198' title='bbox 608 2235 635 2281; x_wconf 89' lang='lat' dir='ltr'>et</span> <span class='ocrx_word' id='word_1_199' title='bbox 647 2230 714 2282; x_wconf 87' lang='lat' dir='ltr'>mira</span> <span class='ocrx_word' id='word_1_200' title='bbox 725 2229 860 2297; x_wconf 85' lang='lat' dir='ltr'>rigebant.</span> 
     </span>
     <span class='ocr_line' id='line_1_32' title="bbox 107 2296 733 2365; baseline 0 -15"><span class='ocrx_word' id='word_1_201' title='bbox 107 2297 142 2350; x_wconf 86' lang='lat' dir='ltr'>Et</span> <span class='ocrx_word' id='word_1_202' title='bbox 154 2297 324 2364; x_wconf 87' lang='lat' dir='ltr'>vigilantibus</span> <span class='ocrx_word' id='word_1_203' title='bbox 336 2296 397 2348; x_wconf 89' lang='lat' dir='ltr'>hino</span> <span class='ocrx_word' id='word_1_204' title='bbox 410 2297 518 2349; x_wconf 88' lang='lat' dir='ltr'>aderant</span> <span class='ocrx_word' id='word_1_205' title='bbox 530 2298 623 2350; x_wconf 88' lang='lat' dir='ltr'>solatia</span> <span class='ocrx_word' id='word_1_206' title='bbox 635 2315 733 2365; x_wconf 89' lang='lat' dir='ltr'>somno,</span> 
     </span>
     <span class='ocr_line' id='line_1_33' title="bbox 107 2365 746 2435; baseline 0.002 -17"><span class='ocrx_word' id='word_1_207' title='bbox 107 2366 208 2418; x_wconf 87' lang='lat' dir='ltr'>Ducere</span> <span class='ocrx_word' id='word_1_208' title='bbox 221 2365 382 2418; x_wconf 86' lang='lat' dir='ltr'>multimodis</span> <span class='ocrx_word' id='word_1_209' title='bbox 394 2383 476 2431; x_wconf 84' lang='lat' dir='ltr'>voces,</span> <span class='ocrx_word' id='word_1_210' title='bbox 489 2373 516 2418; x_wconf 89' lang='lat' dir='ltr'>et</span> <span class='ocrx_word' id='word_1_211' title='bbox 528 2366 631 2418; x_wconf 87' lang='lat' dir='ltr'>flectere</span> <span class='ocrx_word' id='word_1_212' title='bbox 644 2373 746 2435; x_wconf 88' lang='lat' dir='ltr'>cantus,</span> 
     </span>
     <span class='ocr_line' id='line_1_34' title="bbox 109 2434 713 2502; baseline 0.005 -16"><span class='ocrx_word' id='word_1_213' title='bbox 109 2435 143 2486; x_wconf 79' lang='lat' dir='ltr'>nt</span> <span class='ocrx_word' id='word_1_214' title='bbox 156 2452 249 2502; x_wconf 87' lang='lat' dir='ltr'>supera</span> <span class='ocrx_word' id='word_1_215' title='bbox 261 2434 373 2487; x_wconf 91' lang='lat' dir='ltr'>calamos</span> <span class='ocrx_word' id='word_1_216' title='bbox 384 2452 452 2486; x_wconf 91' lang='lat' dir='ltr'>unco</span> <span class='ocrx_word' id='word_1_217' title='bbox 464 2452 612 2502; x_wconf 89' lang='lat' dir='ltr'>percurrere</span> <span class='ocrx_word' id='word_1_218' title='bbox 625 2434 713 2489; x_wconf 86' lang='lat' dir='ltr'>labro:</span> 
     </span>
     <span class='ocr_line' id='line_1_35' title="bbox 108 2503 776 2572; baseline 0.006 -19"><span class='ocrx_word' id='word_1_219' title='bbox 108 2503 184 2554; x_wconf 87' lang='lat' dir='ltr'>Unde</span> <span class='ocrx_word' id='word_1_220' title='bbox 196 2504 276 2555; x_wconf 87' lang='lat' dir='ltr'>etiam</span> <span class='ocrx_word' id='word_1_221' title='bbox 288 2504 380 2570; x_wconf 85' lang='lat' dir='ltr'>vigiles</span> <span class='ocrx_word' id='word_1_222' title='bbox 391 2520 461 2555; x_wconf 90' lang='lat' dir='ltr'>nuno</span> <span class='ocrx_word' id='word_1_223' title='bbox 473 2504 530 2556; x_wconf 83' lang='lat' dir='ltr'>haec</span> <span class='ocrx_word' id='word_1_224' title='bbox 541 2511 649 2572; x_wconf 87' lang='lat' dir='ltr'>accepta</span> <span class='ocrx_word' id='word_1_225' title='bbox 661 2510 776 2571; x_wconf 88' lang='lat' dir='ltr'>tuentur,</span> 
     </span>
     <span class='ocr_line' id='line_1_36' title="bbox 99 2569 784 2642; baseline 0.006 -20"><span class='ocrx_word' id='word_1_226' title='bbox 99 2569 140 2623; x_wconf 80' lang='lat' dir='ltr'>Et</span> <span class='ocrx_word' id='word_1_227' title='bbox 150 2571 269 2626; x_wconf 87' lang='lat' dir='ltr'>numeris</span> <span class='ocrx_word' id='word_1_228' title='bbox 281 2590 385 2627; x_wconf 87' lang='lat' dir='ltr'>servare</span> <span class='ocrx_word' id='word_1_229' title='bbox 397 2589 479 2642; x_wconf 89' lang='lat' dir='ltr'>genus</span> <span class='ocrx_word' id='word_1_230' title='bbox 490 2573 618 2635; x_wconf 76' lang='lat' dir='ltr'>didicere3</span> <span class='ocrx_word' id='word_1_231' title='bbox 633 2590 718 2639; x_wconf 74' lang='lat' dir='ltr'>neque</span> <span class='ocrx_word' id='word_1_232' title='bbox 730 2574 784 2626; x_wconf 89' lang='lat' dir='ltr'>hilo</span> 
     </span>
     <span class='ocr_line' id='line_1_37' title="bbox 86 2639 743 2718; baseline -0.011 -23"><span class='ocrx_word' id='word_1_233' title='bbox 86 2639 197 2713; x_wconf 86' lang='lat' dir='ltr'>Majore</span> <span class='ocrx_word' id='word_1_234' title='bbox 208 2645 318 2702; x_wconf 85' lang='lat' dir='ltr'>interea</span> <span class='ocrx_word' id='word_1_235' title='bbox 330 2645 447 2718; x_wconf 87' lang='lat' dir='ltr'>capiunt</span> <span class='ocrx_word' id='word_1_236' title='bbox 460 2642 602 2698; x_wconf 78' lang='lat' dir='ltr'>dulcedine</span> <span class='ocrx_word' id='word_1_237' title='bbox 610 2642 743 2704; x_wconf 60' lang='lat' dir='ltr'>mustum,</span> 
     </span>
    </p>
   </div>
   <div class='ocr_carea' id='block_1_4' title="bbox 0 0 1003 2970">
    <p class='ocr_par' dir='ltr' id='par_1_4' title="bbox 0 0 1003 2970">
     <span class='ocr_line' id='line_1_38' title="bbox 0 0 1003 2970; baseline 0 0"><span class='ocrx_word' id='word_1_238' title='bbox 0 0 1003 2970; x_wconf 95' lang='lat' dir='ltr'> </span> 
     </span>
    </p>
   </div>
  </div>
 </body>
</html>
