1928 2964
117 133 134 182 4
431 125 460 179 Τ,
478 123 647 178 nocuum

153 231 217 294 Quae
230 227 355 298 quoniam
366 245 454 280 rerum
465 234 589 280 naturam
601 227 655 279 sola
667 227 806 296 gubernas,

117 299 173 352 Nec
185 301 241 351 sine
253 305 280 350 te
292 298 436 417 quidquam
449 298 505 349 dias
517 298 546 348 in
558 296 665 348 luminis
678 314 735 349 oras

118 368 251 434 Exoritur,
263 384 346 435 neque

43 498 47 505 .
118 437 154 490 Te
167 438 263 490 sociam
275 435 366 488 studeo
379 435 520 486 scribendis
532 434 649 487 versibus
661 451 723 501 esse,

34 506 53 539 *²¹
63 518 82 543 »ν
121 507 190 570 Quos
203 522 250 572 ego
262 505 295 556 de
307 519 405 575 aspum
418 519 533 555 uacuas
545 519 659 571 pangere
672 520 750 555 conor

93 590 96 597 ·
117 573 285 626 Memmiadae
298 580 398 624 nostro:
418 589 495 692 quem
507 578 545 636 tu,
557 572 621 638 Dea,
633 577 749 640 tempore
761 572 790 623 in
802 572 874 624 omni

377 373 389 418 t
401 367 498 432 laetum,
510 382 596 433 neque
608 365 720 418 amabile
733 366 891 434 quidquam:

120 642 247 695 Omnibus
259 649 382 694 ornatum
394 658 425 693 vo
439 641 500 692 uisti
512 640 638 693 excellere
650 641 733 693 rebus.

120 712 177 775 Quo
190 712 274 778 magis
286 716 414 762 aeternum
426 711 460 762 da
472 709 557 774 dictis,
569 709 644 775 Diva,
657 708 786 777 leporem:

120 781 207 846 Effice,
221 787 252 832 ut
264 781 365 831 interea
376 780 432 831 fera
443 795 558 831 moenera
569 778 677 830 militiai

120 849 171 902 Per
182 849 267 901 maria
279 865 310 900 ac
322 854 404 900 terras
417 865 505 900 omnes
518 847 602 915 sopita
614 847 757 914 quiescant.

120 918 190 970 Nam
202 924 233 970 tu
245 917 299 969 sola
311 923 384 984 potes
397 916 540 985 tranquilla
552 932 616 984 pace
624 918 719 983 juvare

38 1037 40 1040 Α
121 986 253 1052 Mortales,
267 986 390 1054 quoniam
401 985 464 1037 belli
476 982 531 1037 fera
543 1001 657 1036 moenera
669 984 774 1036 Mavors

120 1055 287 1123 Armipotens
299 1054 375 1122 regit,
387 1055 415 1105 in
427 1054 557 1122 gremium
570 1054 616 1120 qui
628 1070 696 1122 saepe
709 1059 786 1106 tuum
799 1069 832 1106 se

122 1124 225 1192 Rejicit,
239 1130 336 1176 aeterno
348 1123 485 1175 devinctus
496 1123 604 1175 vulnere
615 1121 725 1186 amoris;

121 1193 209 1261 Atque
221 1193 260 1246 ita
272 1193 415 1260 suspiciens
427 1192 505 1244 tereti
517 1192 616 1244 cervice
627 1196 731 1259 reposta

122 1262 210 1315 Pascit
223 1279 309 1315 amore
321 1261 411 1314 aridos
422 1261 527 1312 inhians
539 1261 567 1311 in
579 1267 614 1327 te,
626 1260 690 1328 Dea,
702 1260 782 1328 risus,

122 1331 197 1398 Eque
209 1337 256 1383 tuo
286 1331 365 1382 endet
376 1331 493 1397 resupini
505 1330 613 1398 spiritus
626 1346 676 1381 ore

123 1399 204 1453 Hunc
216 1405 254 1465 tu,
266 1348 343 1464 Eira,
355 1403 400 1450 tuo
412 1397 581 1449 recubantem
593 1415 697 1466 corpore
710 1402 799 1451 sancto

123 1467 287 1519 Circumfusa
299 1483 382 1535 super,
396 1483 487 1518 suaves
499 1482 533 1517 ex
545 1482 588 1518 ore
599 1467 715 1534 loquelas
928 1472 938 1516 4

123 1536 224 1603 Funde,
236 1540 328 1604 petens
340 1533 471 1603 placidam
483 1533 614 1600 Romanis,
627 1535 734 1603 inclyta,
747 1552 845 1616 pacem.

122 1605 192 1657 Nam
204 1621 289 1671 neque
301 1621 347 1655 nos
359 1619 436 1670 agere
448 1602 497 1654 hoc
508 1604 606 1670 patriai
618 1610 734 1672 tempore
745 1605 836 1672 miquo

123 1674 264 1725 Possumus
276 1689 299 1724 aa
319 1689 350 1724 uo
362 1672 464 1734 animo;
482 1689 530 1723 nec
542 1672 665 1724 Memmid
679 1672 750 1725 clara
761 1689 876 1741 propago

123 1742 229 1794 Talibus
241 1742 270 1794 in
281 1757 309 1793 re
327 1757 358 1792 us
371 1741 503 1792 communi
515 1741 588 1793 desse
601 1742 687 1795 saluti

388 1859 500 1914 Beatam
512 1869 535 1914 et
546 1861 691 1931 infinitam.

159 1946 262 2016 [Omnis
274 1946 345 1999 enim
356 1964 403 2015 per
415 1965 442 1999 se
454 1947 547 1999 divum
558 1954 654 1999 natura
665 1964 769 1999 necesse
781 1964 820 1999 es]

125 2017 272 2068 Immortali
284 2032 339 2069 aevo
352 2034 453 2068 summa
464 2033 525 2068 cum
537 2033 601 2084 pace
612 2016 722 2084 fruatur,

67 2106 98 2123 ·-’
125 2084 229 2137 Semota
241 2084 274 2136 ab
286 2085 381 2136 nostris
393 2085 468 2137 rebus
481 2087 649 2153 sejunctaque
661 2085 753 2152 longe;

89 2154 101 2163 ”
125 2154 194 2206 Nam
205 2154 309 2222 privata
321 2153 408 2205 dolore
420 2155 497 2221 omni,
510 2154 614 2222 privata
625 2154 736 2221 periclis,
773 2210 777 2217 ,

82 2224 98 2289 ,ᾗ
126 2223 140 2274 Ι
159 2240 188 2274 sa
200 2223 253 2274 suis
265 2223 365 2291 pollens
377 2223 476 2290 opibus,
488 2222 556 2274 nihil
568 2223 658 2289 indiga
670 2224 760 2290 nostri,

75 2292 104 2315 ‘³
112 2351 134 2364 ν
152 2309 180 2344 co
192 2289 258 2345 bene
270 2292 417 2360 promeritis
430 2292 541 2359 capitur,
553 2308 601 2342 nec
614 2293 734 2359 tangitur
746 2291 811 2359 ira.];
931 2297 938 2346 t

126 2361 201 2424 Quod
214 2367 337 2429 superest,
350 2378 445 2412 vacuas
457 2377 531 2412 aures
543 2361 616 2426 mihi,
629 2360 796 2427 Memmiada,
807 2356 835 2414 'et
847 2367 893 2415 te⁶

126 2429 260 2482 Semotum
273 2447 289 2482 a
301 2429 369 2482 curis
381 2428 476 2481 adhibe
487 2446 576 2482 veram
588 2429 622 2481 ad
633 2429 769 2497 rationem,

127 2499 197 2555 Necr
205 2516 265 2551 mea
277 2499 345 2551 dona
357 2498 406 2550 tibi
419 2498 504 2550 studio
517 2499 632 2566 disposta
644 2498 723 2565 fideli,

128 2589 137 2615 ⁴
152 2592 241 2631 Memmi
251 2605 304 2640 noc;
320 2593 369 2632 Me.
437 2594 446 2616 ·
460 2602 536 2673 qqaeso,
545 2603 622 2686 quqas
632 2592 692 2641 mihi,
700 2592 822 2644 Memmius,
832 2605 904 2644 aurose
917 2594 938 2636 bi

503 2648 548 2693 Na;
604 2675 610 2686 .
