1928 2964
129 146 146 196 6
435 143 464 198 Τ.
482 142 650 198 nuolsnnn

389 277 549 348 Exemplum
561 277 706 348 reliqionis.

127 378 223 431 Aulide
235 395 285 447 quo
297 383 374 446 poeto
387 378 487 431 Triviai
499 377 609 446 virginis
620 395 694 431 erem

127 448 292 516 Iphianassai
305 447 448 516 turpisnmt
460 447 588 514 sanguine
599 447 669 500 foede

126 515 253 568 Ductores
266 516 388 570 Danaum
400 515 503 582 delecti,
515 516 601 584 prime
612 516 734 568 virorum

127 584 176 636 cui
188 585 265 636 simul
277 584 371 652 infula,
383 585 513 653 virgineos
525 584 687 637 circumdate
699 587 827 653 comptus,

126 653 169 704 Ex
180 659 294 721 utreque
306 654 364 722 pari
375 654 506 706 mulorum
517 658 593 721 perte
605 653 712 720 profuse
723 658 771 719 ost,

126 721 162 773 Et
174 728 297 774 moestum
309 722 387 774 simul
399 729 461 775 onte
474 739 532 774 uras
544 722 648 774 adstare
660 727 797 789 petentem
930 723 940 774 i

125 789 220 857 Sensit,
232 796 259 842 et
271 791 342 843 huno
373 797 461 858 ropter
471 791 571 843 ferrum
583 790 667 843 celere
678 790 819 858 ministros,

125 859 291 927 Aspeotuque
303 809 490 926 suoiaorymes
502 859 635 911 effundere
648 859 732 922 oives;

125 927 204 979 Muto
215 932 288 979 metu
299 933 403 995 terrem,
416 927 525 995 genibus
538 927 672 994 submissa,
685 926 806 996 petebat:

124 995 151 1047 N
151 1013 181 1049 eo
192 997 293 1048 miserae
306 997 425 1065 prodesse
437 997 466 1048 in
478 997 527 1048 tuli
539 1002 655 1064 tempore
668 996 768 1064 quibat,

128 1065 204 1129 Quod
215 1066 301 1132 petrio
313 1067 433 1134 princeps
446 1065 557 1118 donisret
569 1065 675 1117 nomine
686 1082 782 1133 regem.

125 1133 151 1185 N
151 1151 195 1186 em
207 1133 312 1187 sublato
324 1134 411 1185 virrim
423 1134 544 1186 manibus
557 1134 781 1202 tremebundaque
792 1132 827 1186 ed
839 1149 898 1187 eros

123 1202 245 1256 Deducta
257 1209 311 1268 est;
329 1220 381 1255 non
394 1209 432 1270 ut,
445 1202 554 1256 solemni
565 1219 636 1255 more
648 1220 780 1256 soenorum

126 1271 253 1339 Perfecto,
265 1280 352 1341 posset
364 1272 433 1324 claro
446 1272 566 1324 comitari
578 1272 739 1339 Hymenae03

124 1339 175 1393 Sed
187 1347 260 1394 ceste
271 1342 378 1407 inceste,
390 1341 507 1393 nubendi
520 1346 636 1408 tempore
647 1341 677 1392 in
688 1341 752 1408 ipso,

124 1409 219 1462 Hostis
231 1410 379 1462 concideret
391 1415 510 1461 mactatu
521 1416 614 1462 moeste
625 1410 750 1477 petentis,
913 1411 940 1461 1(

124 1477 219 1529 Exitus
231 1484 262 1530 nt
275 1478 351 1530 classi
362 1478 428 1530 felix
439 1478 594 1545 faustusque
606 1478 729 1542 duretur.¹

124 1545 239 1598 Tantum
250 1547 342 1614 religio
373 1547 442 1598 otnit
454 1546 563 1598 sundere
574 1546 721 1602 mulorum!

86 1680 89 1685 Ι
107 1605 126 1632 ⁴
161 1615 283 1667 Tutemet
294 1632 311 1667 a
322 1565 396 1668 nobis
404 1617 462 1683 jem
473 1616 700 1693 quoyis‘tepppore,
711 1619 805 1668 vatum

124 1682 282 1752 Terriloqnis
295 1685 379 1737 victus
392 1685 477 1751 dietis,
486 1679 763 1755 ‘descisoirequaeresss

124 1753 228 1822 Quippe
240 1754 338 1805 etenim
350 1770 429 1821 quam
441 1748 527 1806 multe
538 1753 590 1805 tibi
597 1755 655 1821 jam
666 1752 766 1820 fingere
776 1769 883 1822 possum

123 1821 236 1888 Somnio,
249 1839 308 1890 quae
321 1823 382 1875 vitae
395 1823 509 1874 ustiones
521 1827 622 1875 vertere
633 1824 742 1890 possint,

123 1889 304 1959 Fortunaeque
316 1897 375 1944 tuas
387 1908 476 1943 omnes
488 1891 595 1943 turbare
607 1890 707 1943 timore.

444 2005 527 2058 Finis
539 2003 642 2059 dolosis.

122 2098 157 2150 Et
169 2099 275 2151 merito:
294 2115 357 2151 nem
369 2099 391 2151 si
403 2103 502 2151 certem
513 2097 593 2150 finem
604 2115 659 2150 esse
672 2099 792 2152 viderent

71 2190 74 2195 ·
121 2167 310 2220 AErumnerum
321 2167 445 2234 homines,
459 2166 550 2234 eliqua
561 2167 663 2219 retione
675 2168 794 2220 valerent

122 2235 302 2303 Religionibus
314 2241 393 2304 etque
405 2235 483 2287 minis
496 2235 618 2287 obsistere
630 2241 735 2289 vatum:
826 2236 833 2289 ἶ
910 2240 940 2289 11

56 2328 59 2333 ·
122 2304 200 2357 Nune
210 2305 283 2371 Νῐ-ῆῄαίς),
291 2305 366 2357 nulls
377 2312 417 2356 est
428 2303 552 2370 restandi,
564 2304 638 2357 nullu
650 2305 771 2372 facultas,
779 2324 787 2344 ·-
796 2303 813 2335 ·“

121 2373 244 2426 AEtemns
257 2374 380 2442 quonism
392 2389 482 2442 poenos
493 2372 523 2424 in
533 2377 617 2425 morte
629 2373 785 2427 timendum
811 2391 814 2397 ·

466 2487 507 2540 De
518 2487 619 2541 auimo.

122 2583 264 2650 Ignoratnr
275 2583 353 2649 enim,
365 2598 424 2651 quae
437 2580 471 2633 sit
482 2585 579 2633 nature
591 2581 699 2648 enimsi,

120 2650 147 2704 N
147 2657 193 2706 ete
204 2652 246 2720 sit,
259 2669 295 2706 en
306 2657 397 2706 eontra
409 2649 577 2702 noscentibus
589 2649 746 2717 insinuetur,
