1928 2964
92 159 144 210 182
404 156 432 210 Τ.
450 155 618 209 nocuum

92 259 180 326 Atque
192 261 333 327 potestates
344 275 453 325 magnas
464 259 595 326 mirasque
606 258 764 325 relinquunt

93 328 126 380 In
137 329 214 380 rebus
226 328 294 380 vires
305 327 405 394 divium,
418 344 476 395 quse
488 334 583 378 cuneta
594 326 761 393 gubernanti

164 444 385 511 Quemadmodum
408 464 513 512 aurum,
537 455 682 515 arpentum,
707 446 856 516 plumbum,

411 524 539 584 repertum
556 515 597 568 sit.

128 599 204 663 Quod
222 604 346 667 superest,
364 617 399 652 ees
417 606 497 669 atque
514 618 610 653 aurum
627 599 780 670 ferrumque
797 606 927 723 repertpp,

162 674 201 719 est
867 675 880 723 l

92 733 128 787 Et
140 709 218 788 simiil
230 736 333 803 argenti
344 737 447 804 pondus
458 737 612 805 plumbique
623 743 739 805 potestas
751 756 757 792 :

93 803 108 854 I
147 804 166 856 's
178 804 225 856 ubi
237 805 356 872 ingentes
369 806 446 858 silvae
458 806 549 858 ardore
561 810 689 858 cremarat

93 897 104 923 r
126 873 230 925 ontibus
243 873 271 924 in
283 875 392 941 magnis,
405 891 452 926 oeu
464 875 522 926 coeli
533 874 644 926 fulmine
655 874 751 939 mieso;

93 939 153 993 Sive
183 942 243 1008 uod,
255 942 325 994 inter
337 960 364 995 se
374 942 474 994 bellum
486 943 604 995 silvestre
616 949 743 1010 gerentes,

94 959 220 1062 Hostibus
232 1011 377 1063 intulerant
389 1011 477 1078 ignem
489 1012 636 1064 formidinis
648 1029 723 1079 ergo;

93 1077 153 1130 Sive
166 1080 243 1146 quod,
255 1080 358 1130 inducti
372 1086 447 1131 terra
458 1079 584 1147 bonitate,
597 1080 721 1133 volebant

93 1145 211 1201 Pandere
223 1165 298 1215 agros
310 1148 427 1215 pingues,
440 1154 467 1200 et
479 1166 576 1216 pascua
586 1149 694 1202 reddere
705 1165 784 1214 rura3

93 1214 153 1269 Sive
164 1217 232 1269 feras
244 1217 396 1283 interficere,
409 1223 436 1269 et
448 1218 572 1270 ditescere
584 1218 685 1287 praeda:

92 1284 162 1336 Nam
173 1286 249 1338 fovea
260 1291 340 1353 atque
352 1287 408 1354 igni
420 1286 494 1354 prius
506 1292 545 1338 est
557 1286 676 1339 venarier
687 1292 787 1354 ortum,

94 1353 179 1416 Quam
191 1372 217 1406 ee
236 1354 274 1405 ire
285 1356 370 1423 plagis
383 1355 487 1421 saltum,
500 1355 659 1424 canibusque
671 1356 745 1408 ciere.
862 1359 927 1409 1250

94 1422 163 1485 Quid
202 1373 236 1475 d
239 1424 267 1474 id
280 1430 327 1490 est,
339 1441 503 1492 quacumque
515 1441 529 1476 e
542 1441 621 1476 eausa
631 1424 770 1476 flammeus
781 1424 860 1478 ardor

93 1441 220 1543 Homliili
232 1493 320 1545 sonitu
332 1493 410 1546 silvas
422 1493 545 1546 exederat
557 1493 619 1545 altis

91 1558 134 1610 Ab
145 1561 283 1626 radicibus,
296 1567 323 1613 et
335 1568 431 1612 terram
444 1568 596 1629 percoxerat
608 1561 680 1629 igni3

92 1626 220 1681 Manabat
231 1630 304 1681 venis
315 1630 478 1681 ferventibus
489 1631 519 1682 iu
530 1631 587 1683 loea
598 1637 674 1683 terrae

93 1695 212 1750 Concava
223 1698 377 1750 conveniens
390 1699 493 1765 argenti
505 1700 576 1752 rivus
588 1706 616 1752 et
627 1699 693 1766 auri,

92 1764 161 1818 AEris
172 1767 236 1818 item
248 1772 275 1818 et
288 1767 402 1834 plumbi:
422 1785 480 1835 quae
493 1786 574 1835 quum
587 1775 708 1821 concreta
719 1767 848 1824 videbant

92 1833 223 1887 Posterius
236 1836 305 1888 claro
316 1837 345 1888 in
357 1837 433 1889 terris
445 1837 580 1904 splendere
593 1837 684 1904 colore,

92 1904 229 1958 Tollebant
240 1905 325 1958 nitido
337 1907 408 1973 eapti
420 1907 530 1974 laevique
541 1906 567 1958 le
585 1923 643 1969 ore;

91 1972 127 2026 Et
140 1975 218 2026 simili
230 1975 342 2026 formata
354 1975 479 2027 videbant
491 1992 545 2027 esee
576 1992 650 2041 gnra,

91 2042 177 2110 Atque
189 2043 344 2095 lacunarum
355 2044 462 2095 fuerant
474 2044 585 2110 vestigia
597 2045 699 2110 cuique.
859 2047 925 2097 1260

91 2109 158 2162 'lum
169 2110 323 2180 penetrabat
336 2129 384 2177 eos,
397 2129 471 2179 posse
483 2112 546 2178 haec,
560 2113 701 2179 liquefacta
712 2111 806 2180 calore,

91 2179 241 2242 Quamlibet
253 2181 282 2231 in
293 2181 405 2232 formam
417 2188 443 2232 et
455 2181 551 2233 faciem
563 2181 699 2233 decurrere
710 2199 806 2247 rerum,

90 2246 125 2299 Et
138 2267 257 2315 prorsum
269 2250 388 2317 quamvis
400 2250 428 2300 in
440 2257 518 2302 acuta
530 2267 561 2302 ao
574 2250 665 2302 tenuia
677 2266 752 2317 posse

90 2315 248 2370 Mueronum
260 2320 322 2371 duci
333 2319 440 2385 fastigia
452 2319 633 2386 prooudeudo;

91 2385 128 2437 Ut
141 2387 189 2437 eibi
202 2388 256 2439 tela
267 2396 368 2455 parent,
381 2389 511 2455 silvasque
524 2399 550 2439 et
562 2388 660 2440 euadere
672 2387 781 2455 possint,

90 2453 278 2523 Materiemque
291 2457 386 2524 dolare,
398 2457 493 2508 lavare
504 2474 535 2507 ao
547 2457 637 2508 radere
649 2457 731 2523 tigna,

90 2521 125 2572 Et
138 2523 267 2576 terebrare
279 2527 366 2591 etiam,
379 2543 410 2578 ao
423 2524 581 2592 pertundere
593 2542 690 2593 perque
702 2526 795 2579 forare.

89 2589 144 2640 Nee
157 2592 244 2641 miuus
256 2601 365 2659 argento
377 2595 461 2645 facere
473 2591 529 2641 haee
542 2610 657 2659 auroque
669 2593 807 2662 parabant,

84 2659 170 2725 <luam
186 2659 267 2713 validi
279 2662 395 2732 primum
408 2659 529 2713 violentis
541 2661 641 2712 viribus
653 2662 725 2714 aeris:
