1928 2964
77 143 112 192 40
389 139 418 194 Τ.
436 139 603 194 Lucaurn

79 242 166 324 Olvla.
174 243 315 295 conflixere
323 253 340 310 ⁶,
352 243 391 324 fit,
403 250 434 296 ut
446 245 549 325 (lirersa
560 250 667 325 reperite

77 311 229 365 Drssrlrant:
246 329 331 379 neque
343 330 413 365 emm
424 331 528 379 mrrum,
541 314 680 366 dunssrma
692 331 751 382 quae
765 315 827 382 sint,

77 381 240 434 Ponderibus
252 381 347 450 solidis,
359 399 444 451 neque
456 383 599 451 quidquam
611 400 628 435 a
639 390 713 452 tergo
724 383 786 436 ibus
798 385 887 438 obstet

208 566 213 573 ³
374 501 465 554 Imom
476 501 550 554 nihil
561 519 616 554 erse.

77 585 113 638 Et
124 603 175 654 quo
183 586 280 654 jactari
291 587 375 654 magis
387 587 475 638 omnia
486 588 608 640 materiai

78 654 189 724 (lorpora
201 655 344 736 pervideas,
355 656 520 708 reminiscere
532 657 613 708 totius
624 656 708 708 imum

77 723 122 775 Nil
134 741 188 776 esse
200 742 229 776 rn
241 742 358 788 summa;
376 742 461 792 neque
473 724 576 792 habers,
591 725 637 777 ubi
648 743 755 794 corpora
767 726 854 794 prima
881 727 912 778 90

77 792 240 845 Consistant:
258 794 382 861 quonism
394 795 509 862 spatium
522 795 577 846 sine
588 794 641 847 fine
653 795 782 862 modoque
794 801 842 864 est,

79 862 290 930 Immensumque
303 870 392 930 patero
404 864 432 915 in
445 870 552 916 cunctas
564 864 682 932 undique
694 870 790 932 partes,

77 930 199 983 Pluribus
211 931 334 998 ostendit,
343 938 415 984 certa
426 939 453 985 et
465 933 566 985 ratione
577 932 716 1001 probatum
728 939 776 985 est.

111 1001 186 1064 Quod
199 1001 321 1069 quoniam
334 1008 444 1067 constat,
456 1003 581 1054 nimirum
593 1001 667 1054 nulla
679 1002 752 1069 quies
765 1009 806 1054 est

77 1069 190 1123 Reddita
202 1070 351 1138 corporibus
363 1071 454 1138 primis
466 1072 602 1139 perinane
614 1071 790 1139 profundum

76 1138 127 1192 Sed
139 1140 230 1207 magis,
242 1139 346 1192 assiduo
358 1140 482 1208 varioque
494 1141 609 1192 exercita
620 1146 702 1206 motu,

76 1209 177 1262 Partim
188 1208 334 1261 intervallis
345 1211 448 1276 magnis
458 1209 580 1262 conflicta
590 1209 728 1274 resultant,

76 1278 139 1331 Pars
151 1280 232 1331 etiam
243 1278 366 1330 brevibus
378 1279 469 1346 spatiis
481 1284 614 1330 nexantur
625 1278 658 1330 ab
670 1278 734 1331 ictu

76 1347 111 1399 Et
123 1365 302 1417 quoecumque,
315 1348 399 1414 magis
411 1347 539 1400 condenso
552 1347 701 1415 conciliatu,

76 1416 186 1484 Exiguis
198 1416 344 1469 intervallis
356 1415 492 1470 convecta“
503 1416 641 1485 resultant,
865 1419 912 1469 100

77 1485 238 1553 indupedita
250 1486 303 1538 suis
315 1486 446 1554 perplexis
459 1487 516 1555 ipsa
527 1485 619 1553 figuris
626 1503 633 1550 ;

76 1555 141 1607 Haec
154 1555 253 1607 validas
267 1555 324 1607 saxi
336 1555 438 1607 radices
450 1563 477 1608 et
488 1556 544 1607 iera
555 1555 619 1606 ferri

76 1625 187 1692 Corpora
198 1625 371 1691 constituunt,
383 1631 411 1677 et
423 1631 509 1677 cetera
521 1625 554 1676 de
565 1641 660 1691 genere
671 1623 765 1675 horum

74 1693 204 1745 Paucula:
223 1710 281 1761 quas
293 1710 369 1762 porro
380 1711 507 1761 magnum
518 1711 564 1761 per
576 1695 654 1745 inane
666 1699 806 1760 regantur,

75 1762 167 1815 Cetera
179 1763 312 1815 dissiliunt
324 1763 409 1830 longe,
421 1763 551 1831 longeque
563 1768 700 1814 recursant

75 1832 108 1884 In
120 1833 223 1899 magnis
234 1832 395 1895 intervallis;
413 1832 469 1883 haec
481 1835 543 1885 aera
554 1849 644 1883 rarum

74 1900 215 1954 Sufficiunt
226 1901 301 1953 nobis
313 1909 340 1953 et
353 1901 490 1970 splendida
501 1901 604 1953 lumina
616 1900 683 1953 solis.

108 1971 248 2038 Multaque
260 1977 386 2039 praterea
397 1988 524 2038 magnum
536 1969 673 2037 perinane
685 1973 824 2036 vagentur,

75 2040 196 2093 Conciliis
208 2057 295 2092 rerum
307 2057 366 2108 quse
379 2047 441 2091 sunt
452 2041 557 2107 rejecta,
569 2056 617 2091 nec
629 2055 741 2106 usquam

75 2110 226 2163 Consociare
238 2109 318 2161 etiam
331 2116 417 2162 motus
429 2115 537 2177 potuere
548 2113 660 2176 recepta.
864 2110 911 2159 110

75 2180 162 2248 Cujus,
174 2180 216 2232 uti
228 2195 348 2245 memoro,
360 2179 398 2230 rei
411 2179 581 2230 simulacrum
592 2185 619 2229 et
631 2177 718 2244 imago

74 2253 144 2303 Ante
156 2249 242 2302 oculos
255 2265 355 2316 semper
366 2246 440 2299 nobis
452 2254 570 2300 versatur
581 2253 608 2298 et
620 2247 709 2299 instat.

75 2319 269 2388 Contemplator
281 2317 358 2383 enim,
371 2333 451 2383 quum
464 2316 524 2368 solis
536 2316 638 2367 lumina
650 2330 754 2383 cunque

76 2389 198 2442 Insertim
209 2387 326 2440 fundunt
338 2385 424 2437 radios
436 2401 575 2452 peropaca
587 2384 737 2436 domorum:

74 2458 163 2511 Multa
173 2458 278 2509 minuta
289 2455 373 2507 modis
385 2453 475 2506 multis
487 2471 534 2521 per
545 2454 625 2505 inane
636 2453 738 2505 videbis

75 2528 186 2596 Corpora
197 2525 300 2578 misceri
311 2524 443 2577 radiorum
455 2523 554 2574 lumine
567 2522 595 2573 in
606 2522 671 2590 ipso,

75 2597 117 2664 llt,
130 2597 202 2649 velut
214 2602 311 2647 aeterno
324 2592 472 2656 certamine,
485 2591 577 2660 proelia
588 2607 742 2659 pugnasque

129 2682 138 2704 ⁰
152 2682 270 2720 confluxere
279 2680 309 2720 its
319 2679 362 2726 uti3
378 2677 424 2717 MS.
643 2665 654 2694 ⁶
667 2675 773 2723 centnm
787 2674 836 2715 MS.

252 2908 329 2919 Λ.
