1928 2964
337 124 446 178 LIBER
463 123 605 178 PRIMUS.
856 128 890 176 33

52 228 132 282 Omne
144 229 251 296 quidem
263 246 326 281 vero
337 229 407 280 nihil
418 233 458 281 est
470 228 540 296 quod
551 227 628 279 finiat
640 234 722 280 extra.
824 231 890 278 1000

52 297 95 350 Est
106 299 192 366 igitur
203 304 301 350 natura
313 298 365 350 loci
377 298 543 366 spatiumque
556 297 686 365 profundi,

53 366 125 430 Quod
136 384 224 434 neque
236 367 308 418 clara
320 382 366 419 suo
378 383 527 435 percurrere
538 366 649 418 flumina
661 383 740 418 cursu

52 434 179 521 {erpetuo
193 437 294 504 possint
306 436 356 488 aevi
368 435 484 487 labentia
495 441 598 497 tractu;

52 503 102 557 1111
114 522 237 574 prorsum
248 504 341 571 facere,
353 511 385 556 ut
397 511 477 556 restet
488 505 576 555 minus
588 504 632 570 ire,
645 503 769 556 meando:

52 573 138 642 Usque
150 575 216 627 adeo
229 575 326 642 passim
338 579 412 642 patet
423 573 516 640 ingens
529 573 604 641 copia
614 573 699 640 rebus,

52 641 160 695 Finibus
173 643 311 710 exemptis,
323 643 353 694 in
365 649 473 694 cunctas
484 642 601 710 undique
614 648 707 710 partes.

83 713 146 780 Ipsa
157 712 269 764 modum
281 728 356 779 porro
369 711 418 763 sibi
429 728 517 762 rerum
530 728 631 762 summa
643 729 735 779 parare

11 818 19 837 .
52 779 88 832 Ne
100 783 192 849 possit,
206 787 301 832 natura
312 786 400 832 tenet:
418 781 480 847 quia
492 797 585 848 corpus
596 781 677 846 inani,

53 848 91 915 Et,
105 851 179 917 quod
191 850 271 901 inane
283 855 372 901 autem
384 856 431 915 est,
443 848 514 900 finiri
526 866 631 916 corpore
643 850 726 916 cogit:

53 918 86 970 Ut
98 920 137 971 sic
149 919 260 971 alternis
271 918 377 969 infinita
388 918 476 969 omnia
487 918 587 970 reddat.
823 922 890 971 1010

54 988 105 1040 Ant
117 989 209 1054 etiam,
221 987 379 1039 alterutrum
390 987 441 1038 nisi
454 988 577 1038 terminet
589 987 701 1040 alterum
713 1005 808 1055 eorum,

53 1055 176 1125 simplice
187 1062 292 1122 natura,
304 1062 335 1107 ut
348 1061 438 1124 pateat
450 1062 539 1108 tamen
551 1057 765 1109 immoderatum:

53 1125 104 1178 llec
115 1142 199 1191 mare,
211 1142 259 1176 nec
272 1125 358 1190 tellus,
371 1142 419 1177 nec
429 1125 487 1176 coeli
499 1125 588 1177 lucida
600 1126 705 1194 templo,

53 1194 104 1246 liec
116 1194 230 1246 mortale
242 1211 332 1261 genus,
344 1211 392 1246 nec
405 1194 498 1246 divum
510 1211 615 1262 corpora
628 1202 718 1247 sancta

53 1262 188 1332 Exiguum
201 1269 306 1331 possent
317 1263 392 1316 horai
405 1264 495 1315 sistere
508 1270 619 1331 tempus.

53 1331 75 1383 N
76 1351 121 1384 am
134 1333 254 1400 dispulsa
266 1348 312 1383 suo
324 1332 357 1383 de
368 1338 445 1398 coetu,
458 1333 579 1384 materiai

55 1401 133 1470 Copia
144 1402 259 1452 ferretur
269 1417 395 1468 magnum
407 1418 453 1469 per
465 1401 543 1454 inane
556 1401 648 1469 soluta,

54 1468 111 1524 Sive
124 1470 191 1523 adeo
203 1469 291 1537 potins
302 1487 437 1538 nunquam
450 1477 571 1523 concreta
582 1477 693 1525 creasset

54 1538 143 1592 Ullam
154 1556 220 1606 rem,
234 1539 358 1606 quoniam
370 1540 428 1607 cogi
440 1539 549 1608 disjecta
561 1541 701 1608 nequisset.

85 1609 157 1661 Nam
170 1614 241 1660 certe
253 1623 339 1674 neque
351 1609 458 1661 consilio
470 1609 612 1677 primordia
623 1627 711 1662 rerum
824 1615 891 1664 1020

54 1676 152 1730 Ordine
164 1695 193 1729 se
205 1693 252 1728 suo
266 1693 377 1745 quaque
390 1679 477 1744 sagaci
489 1685 577 1730 mente
588 1679 710 1731 locarunt
717 1699 724 1743 ;

53 1746 105 1800 Nec
119 1764 187 1816 quos
199 1762 310 1814 quasque
322 1746 414 1798 darent
426 1751 513 1798 motus
524 1748 646 1815 pepigere
658 1750 787 1817 profecto:

54 1815 109 1882 Sed,
123 1816 189 1885 quia
200 1815 286 1868 multa
298 1816 381 1867 modis
393 1815 484 1867 multis
496 1823 607 1884 mutata,
619 1835 666 1886 per
677 1835 753 1872 omne

54 1885 92 1938 Ex
104 1886 213 1938 infinito
225 1891 357 1936 vexantur
369 1884 469 1953 percita
481 1885 572 1952 plagis.

54 1954 136 2006 Omne
147 1971 233 2022 genus
245 1960 332 2006 motus
344 1960 371 2006 et
383 1959 464 2006 coetus
476 1954 637 2022 experiundo

54 2022 170 2075 landem
183 2023 330 2075 deveniunt
341 2023 371 2074 in
383 2022 449 2075 tales
461 2023 640 2091 disposituras,

55 2091 182 2156 Qualibus
195 2092 252 2143 haec
263 2091 340 2144 rebus
352 2091 471 2144 consistit
483 2109 585 2144 summa
597 2099 697 2147 creata:

54 2159 86 2214 111
97 2161 199 2213 multos
211 2161 292 2214 etiam
303 2178 411 2229 magnos
424 2167 525 2213 servata
537 2179 584 2230 per
596 2180 684 2230 annos,

54 2228 88 2283 Ut
100 2230 183 2282 semel
196 2230 225 2281 in
237 2236 325 2282 motus
337 2231 455 2297 conjecta
467 2236 506 2282 est
519 2233 709 2298 convenientes,

54 2298 147 2365 Efficit,
160 2306 195 2351 ut
207 2299 288 2366 largis
299 2299 408 2352 avidum
419 2316 490 2350 mare
502 2299 619 2351 fluminis
631 2301 709 2352 undis
824 2304 892 2354 1030

54 2367 193 2436 lntegrent
205 2385 303 2435 amnes,
316 2375 343 2420 et
354 2368 415 2420 solis
428 2374 497 2420 terra
509 2386 605 2436 vapore

55 2436 118 2490 Feta
128 2443 212 2490 novet
224 2437 312 2502 foetus,
325 2453 427 2488 summe
440 2452 542 2505 quoque
554 2455 618 2504 gens
630 2437 796 2489 animantum

55 2504 163 2568 Floreat,
177 2511 205 2558 et
218 2506 311 2558 vivant
323 2505 440 2556 labentes
453 2506 556 2557 aetheris
568 2507 649 2574 ignes.
739 2554 743 2562 ,

56 2575 124 2639 Quod
135 2575 214 2629 nullo
226 2575 345 2627 facerent
356 2580 440 2642 pacto,
452 2575 503 2626 nisi
515 2575 637 2627 materiai

57 2642 91 2698 Ex
102 2646 211 2699 infinito
224 2643 337 2696 suboriri
349 2643 424 2711 copia
436 2649 529 2711 posset,

462 2729 482 2768 1>
