1928 2964
343 149 453 202 LIBER
471 147 632 213 QUINTUS.
853 151 903 201 185

66 249 104 302 Ut
117 268 188 303 nune
201 269 269 319 seepe
280 253 358 304 boves
370 252 447 303 Lucae
460 251 527 303 ferro
539 251 607 302 mele
619 254 713 301 mectae

65 319 226 387 Diffugiunt,
238 321 294 373 fere
306 323 377 373 fecte
390 321 442 371 suis
455 337 536 387 quum
548 319 634 370 multa
646 318 747 369 dedere.

66 387 109 439 Sic
121 388 181 453 fuit,
195 395 226 440 ut
237 389 366 442 fecerent:
385 389 430 441 scd
442 390 488 440 vix
501 388 623 454 adducor,
635 393 667 439 ut
679 391 741 437 ente
835 389 901 440 1010

66 456 126 507 Non
139 457 255 524 quierint
267 459 354 510 animo
366 458 523 525 praesentire‚
536 463 615 524 etque
627 456 722 521 videre,

66 525 151 588 Quem
163 543 300 578 commune
311 527 411 578 malum
422 526 496 577 fieret
508 526 657 592 foedumque
669 526 796 576 futurum.

66 593 103 644 Et
114 595 199 660 magis
211 594 239 645 id
250 596 331 662 possis
343 596 444 647 fectum
457 595 613 646 contendere
624 594 654 645 in
665 593 743 660 omni,

65 661 101 713 In
113 664 192 714 variis
204 664 317 729 mundis,
331 665 403 716 varie
414 663 515 715 ratione
528 663 629 730 creetis,

66 730 151 794 Quem
163 739 233 783 certo
246 741 325 800 etque
336 750 389 784 uno
401 738 530 784 terrerum
539 731 654 798 quolibet
663 730 726 783 orbi.

65 798 116 851 Sed
127 801 213 852 fecere
224 801 253 852 id
265 819 318 853 non
331 807 386 853 tem
399 801 521 853 vincendi
534 817 579 868 spe
591 800 738 866 voluerunt,

65 868 150 931 Quem
162 870 232 935 dere,
244 870 313 936 quod
325 876 459 937 gemerent
471 870 565 936 hostes,
576 869 679 936 ipsique
691 868 782 937 perire,

65 936 117 1000 Qui
128 955 236 989 numero
249 938 409 1005 diffidebant,
422 939 552 1005 armisque
564 937 700 990 vacabant.

98 1005 201 1058 Nexilis
213 1013 275 1058 ante
286 1007 340 1059 fuit
351 1007 437 1073 vestis,
450 1024 530 1074 quem
541 1005 635 1058 textile
646 1011 753 1074 tegmen
759 1024 767 1069 ;

63 1074 166 1126 Textile
178 1082 237 1142 post
248 1077 347 1128 ferrum
358 1082 412 1139 est;
430 1076 492 1143 quie
503 1076 571 1127 ferro
583 1075 637 1126 tela
648 1080 770 1143 peretur:
831 1078 898 1128 1350

62 1142 118 1194 Nec
130 1144 231 1196 retione
242 1145 296 1197 elie
308 1152 417 1212 possunt
428 1150 484 1196 tem
495 1143 572 1196 laevie
583 1143 658 1211 gigni

63 1212 156 1263 Insilia
168 1229 199 1264 ec
210 1213 271 1280 fusi,
282 1214 350 1266 radii
362 1214 486 1281 scapique
498 1219 626 1265 sonantes.

97 1281 133 1333 Et
145 1281 231 1333 faeere
243 1289 305 1334 ente
317 1283 385 1335 viros
397 1282 485 1334 lenem
497 1287 592 1333 nature
604 1279 696 1348 coegit,

63 1349 149 1412 Quem
160 1350 287 1402 muliebre
299 1368 395 1418 genus3
413 1368 476 1402 nem
487 1350 564 1417 longe
576 1355 682 1417 praestet
693 1349 723 1401 in
734 1353 799 1417 erte,

61 1418 97 1469 Et
110 1418 230 1471 solertius
242 1427 281 1471 est
292 1420 376 1471 multo
388 1436 471 1487 genus
483 1436 559 1470 omne
571 1419 661 1472 virile:

62 1487 193 1553 Agricolae
205 1488 286 1540 donec
299 1489 363 1540 vitio
376 1495 475 1540 vertere
488 1488 588 1551 severi;

62 1554 100 1606 Ut
111 1556 282 1608 muliebribus
295 1557 323 1608 id
334 1557 455 1609 menibus
468 1557 606 1608 concedere
618 1556 724 1624 vellent,

61 1624 151 1691 Atque
161 1625 213 1693 ipsi
224 1626 323 1694 pariter
334 1627 431 1677 durum
443 1626 549 1678 sufferre
561 1625 691 1690 leborem;

60 1692 149 1760 Atque
162 1711 237 1761 opere
249 1695 278 1746 in
290 1695 354 1746 duro
367 1695 493 1746 durarent
503 1694 621 1747 membre
631 1711 785 1763 manusque.

95 1762 133 1814 At
145 1763 276 1829 specimen
288 1765 403 1831 sationis,
415 1771 442 1815 et
453 1764 584 1815 insitionis
597 1764 668 1831 origo
829 1767 897 1818 1360

61 1829 124 1899 lpse
135 1831 188 1882 fuit
199 1849 285 1884 rerum
298 1833 412 1900 primum
424 1840 520 1884 nature
531 1833 658 1884 creatrix:

60 1899 203 1951 Arboribus
215 1901 339 1968 quoniam
350 1901 436 1953 baccae
449 1901 608 1967 glandesque
620 1900 725 1952 ceducae

61 1968 227 2037 Tempestiva
239 1969 337 2021 debent
349 1970 481 2037 pullorum
492 1969 614 2021 examine
626 1969 730 2032 subter;

60 2037 137 2089 Unde
150 2037 230 2089 etiem
241 2038 347 2090 libitum
359 2044 398 2090 est
411 2039 503 2105 stirpes
516 2038 677 2091 committere
688 2037 774 2104 remis,

59 2105 96 2157 Et
108 2123 177 2158 nove
188 2106 308 2159 defodere
320 2108 350 2158 in
361 2113 459 2159 terrem
470 2106 586 2174 virgulta
598 2124 644 2174 per
655 2124 746 2174 egros:

61 2174 128 2226 Inde
139 2175 220 2227 eliam
231 2182 310 2243 etque
322 2176 402 2228 eliam
415 2175 546 2227 culturam
558 2176 642 2227 dulcis
655 2175 735 2243 egelli

60 2243 225 2306 'lentebent3
242 2245 396 2311 fructusque
407 2245 474 2296 feros
486 2260 664 2297 mansuescere
675 2252 746 2296 terre

60 2312 208 2364 Cernebent
219 2313 388 2380 indulgendo,
400 2313 549 2380 blandeque
561 2313 675 2364 colendo.

60 2381 147 2448 Inque
159 2382 214 2432 dies
225 2383 310 2449 megis
321 2382 351 2432 in
361 2388 478 2433 montem
490 2383 626 2434 succedere
639 2381 717 2433 silves

60 2450 201 2517 (legebant,
214 2451 335 2518 infraque
347 2451 434 2502 locum
446 2451 585 2502 concedere
597 2449 691 2502 cultis:
826 2451 894 2502 1370

59 2518 148 2582 Prote,
161 2519 241 2584 locus,
253 2520 329 2585 rivos,
342 2525 441 2586 segetes
454 2519 593 2587 vinetaque
604 2518 667 2569 laete

60 2587 174 2640 Collibus
186 2595 213 2638 et
225 2588 323 2656 campis
335 2595 366 2639 ut
378 2587 511 2654 heberent,
523 2594 603 2654 etque
615 2587 731 2638 oleemm

60 2656 163 2710 Oaerule
175 2656 339 2724 distinguens
351 2656 421 2708 inter
432 2656 511 2723 plage
523 2672 626 2708 currere
638 2660 732 2725 posset,
