1928 2964
342 122 450 175 LIBER
468 121 638 186 Quantus.
860 127 911 176 113

66 224 103 278 Et
116 224 191 294 quasi
202 224 302 294 protelo
315 225 467 278 stimulatur
478 225 586 292 fulgure
596 225 694 292 fulgur.

67 296 233 364 Quapropter
244 294 384 346 simulacra
396 295 454 362 pari
465 295 567 346 ratione
579 311 683 346 necesse
695 300 735 346 eet

66 363 277 416 Immemorabile
288 381 335 430 per
347 363 462 432 spatium
474 368 650 415 transcurrere
662 380 736 430 posse

65 433 201 501 Temporis
213 432 242 485 in
254 439 351 500 puncto
358 451 366 496 ;
384 433 506 501 primum,
519 431 589 499 quod
601 432 712 500 parvula
724 449 804 483 causa

65 501 115 554 Est
127 501 217 570 procul
231 518 247 553 a
259 508 339 568 tergo,
352 518 410 568 quse
422 500 548 569 provehat
560 507 639 568 atque
651 501 780 568 propellat
787 519 795 565 ;

65 571 176 636 Deinde,
189 570 258 638 quod
270 587 353 638 usque
365 571 429 622 adeo
442 576 548 622 textura
560 570 671 638 praedita
682 587 742 621 rara

65 639 223 705 Mittuntur,
234 639 313 692 facile
325 646 356 691 ut
368 639 472 706 quasvis
484 645 622 706 penetrare
634 645 732 706 queant
744 657 793 706 res,

65 707 101 762 Et
114 709 190 777 quasi
201 725 355 776 permanare
366 725 414 776 per
424 709 493 759 aeris
505 707 682 761 intervallum.

100 778 239 843 Praeterea,
252 777 281 843 si,
294 794 353 845 quae
365 777 471 845 penitus
483 776 637 844 corpuscula
648 793 737 828 rerum

65 847 108 899 Ex
120 847 227 915 altoque
238 845 307 898 foras
319 846 471 912 mittuntur,
484 846 544 897 solis
556 845 597 897 uti
609 845 664 910 lux,
858 850 908 899 200

66 916 105 968 Ac
117 933 206 984 vapor,
218 914 275 966 haec
287 921 386 984 puncto
398 921 542 966 comuntur
554 915 628 981 lapsa
640 915 693 968 diei

66 984 117 1037 Per
128 991 217 1037 totum
229 984 288 1036 coeli
301 985 417 1052 spatium
429 984 576 1035 diffundere
589 1001 643 1035 sese
655 1003 662 1047 ;

67 1053 169 1122 Perque
182 1053 270 1106 volare
281 1071 360 1117 mare,
373 1070 404 1104 ac
415 1059 505 1119 terras,
518 1053 665 1120 coelumque
676 1052 762 1120 rigare

66 1123 141 1187 Quod
154 1139 249 1190 supera
261 1127 300 1174 est
307 1142 314 1186 ;
332 1122 378 1173 ubi
390 1128 446 1174 tam
459 1122 558 1175 volucri
569 1123 678 1174 levitate
689 1122 817 1176 feruntur.

10 1202 14 1206 “
66 1191 153 1256 Quidt
172 1207 231 1259 quae
244 1197 306 1243 sunt
317 1191 400 1257 igitur
409 1192 465 1258 jam
478 1192 563 1258 prima
575 1191 603 1242 in
615 1192 702 1242 fronte
713 1197 814 1259 parata,

66 1262 155 1326 Quum
164 1261 309 1328 jaciuntur,
321 1267 348 1311 et
360 1261 483 1311 emissum
494 1277 534 1311 res
546 1260 621 1312 nulla
632 1267 758 1328 moratur,

66 1331 159 1394 Quone
171 1330 244 1382 vides
255 1330 334 1381 citius
346 1329 438 1380 debere
451 1336 477 1380 et
490 1329 592 1396 longius
604 1330 656 1380 ire:

65 1399 264 1467 Multiplexque
276 1399 326 1450 loci
338 1398 454 1465 spatium
466 1405 641 1450 transcurrere
653 1398 744 1450 eodem

66 1468 201 1536 Tempore,
214 1485 264 1535 quo
277 1467 336 1519 solis
349 1467 507 1535 pervulgant
519 1467 620 1519 lumina
633 1467 744 1520 coelum?

101 1529 160 1589 Hoc
173 1537 253 1589 etiam
265 1537 294 1588 in
306 1536 397 1604 primis
409 1537 540 1605 specimen
552 1554 643 1588 verum
656 1554 710 1588 esse
722 1537 833 1604 videtur,
855 1540 906 1590 210

65 1607 153 1671 Quam
165 1606 243 1658 celeri
254 1611 329 1657 motu
340 1623 429 1657 rerum
441 1606 582 1657 simulacra
593 1605 721 1673 ferantur,

65 1675 149 1741 Quod,
162 1675 241 1727 simul
253 1693 283 1727 ac
296 1676 410 1743 primum
423 1675 470 1726 sub
483 1675 543 1727 divo
556 1675 677 1744 splendor
688 1677 768 1744 aquai

64 1744 186 1812 Ponitur,
199 1744 338 1813 extemplo,
350 1744 414 1796 coelo
427 1745 549 1796 stellante
561 1762 657 1809 sereno,

64 1813 158 1866 Sidera
169 1815 327 1933 respondent
339 1813 367 1864 in
379 1831 448 1881 aqua
459 1813 592 1865 radiantia
603 1812 703 1864 mundi.

64 1883 163 1935 Jamne
176 1883 203 1934 vi
222 1900 248 1934 es
260 1882 349 1950 igitur,
363 1899 443 1949 quam
455 1888 553 1949 puncto
566 1888 682 1950 tempore
694 1881 781 1949 imago

64 1951 182 2003 AEtheris
195 1968 228 2002 ex
241 1952 291 2003 orie
303 1952 332 2002 in
344 1957 472 2002 terrarum
485 1951 582 2002 accidit
594 1950 669 2003 orasl

99 2021 188 2084 Quare
200 2021 280 2072 etiam
292 2027 372 2087 atque
384 2021 465 2072 etiam
476 2020 543 2071 mira
555 2020 654 2072 fateare
666 2037 769 2073 necesse
782 2027 822 2072 est

64 2090 186 2158 Corpora,
198 2107 257 2157 quae
269 2089 367 2141 feriant
379 2089 466 2141 oculos
478 2089 615 2157 visumque
627 2090 770 2142 lacessant:

64 2159 248 2227 Perpetuoque
259 2158 345 2210 fluant
357 2159 435 2210 certis
447 2157 481 2211 ab
493 2158 570 2210 rebus
583 2159 686 2211 odores:

64 2226 160 2295 Frigus
171 2232 204 2278 ut
215 2245 231 2280 a
242 2227 337 2293 fluviis,
350 2228 420 2279 calor
432 2246 448 2279 a
460 2228 519 2294 sole,
533 2233 610 2280 aestus
622 2228 656 2280 ab
667 2227 746 2278 undis
855 2228 906 2277 220

63 2297 194 2365 AEquoris,
206 2314 297 2348 exesor
308 2314 446 2348 moerorum
458 2297 535 2348 litora
547 2297 646 2348 circum
653 2315 660 2359 ;

62 2364 88 2416 N
88 2383 118 2418 ec
130 2365 209 2417 variae
222 2369 324 2417 cessant
336 2382 411 2417 voces
423 2366 533 2418 volitare
545 2383 591 2432 per
603 2381 693 2427 auras;

63 2434 184 2502 Denique
196 2435 225 2486 in
237 2451 265 2486 os
278 2434 339 2485 salsi
351 2435 424 2486 venit
436 2435 530 2485 humor
543 2450 609 2501 saepe
622 2433 727 2500 saporis,

63 2503 152 2567 Quum
163 2521 236 2556 mare
248 2520 382 2555 versamur
394 2511 515 2571 propter:
528 2503 665 2568 dilutaque
677 2507 768 2553 contra
798 2504 799 2509 ’

64 2571 152 2635 Quum
164 2573 267 2624 tuimur
278 2571 381 2622 misceri
393 2572 534 2637 absinthia,
546 2570 634 2636 tangit
646 2586 755 2621 amaror.

64 2639 152 2711 Usque
164 2642 229 2694 adeo
242 2640 362 2692 omnibus
374 2640 408 2692 ab
419 2639 496 2692 rebus
508 2656 550 2690 res
562 2655 671 2709 quaeque
682 2638 794 2692 fluenter

477 2724 491 2764 1
