<?xml version="1.0" encoding="UTF-8"?>
<!DOCTYPE html PUBLIC "-//W3C//DTD XHTML 1.0 Transitional//EN"
    "http://www.w3.org/TR/xhtml1/DTD/xhtml1-transitional.dtd">
<html xmlns="http://www.w3.org/1999/xhtml" xml:lang="en" lang="en">
 <head>
  <title>
</title>
<meta http-equiv="Content-Type" content="text/html;charset=utf-8" />
  <meta name='ocr-system' content='tesseract 3.04.00' />
  <meta name='ocr-capabilities' content='ocr_page ocr_carea ocr_par ocr_line ocrx_word'/>
</head>
<body>
  <div class='ocr_page' id='page_1' title='image "./tlucretiicaride03carugoog_0190.png"; bbox 0 0 1928 2964; ppageno 0'>
   <div class='ocr_carea' id='block_1_1' title="bbox 336 152 896 218">
    <p class='ocr_par' dir='ltr' id='par_1_1' title="bbox 336 152 896 218">
     <span class='ocr_line' id='line_1_1' title="bbox 336 152 896 218; baseline 0 -11"><span class='ocrx_word' id='word_1_1' title='bbox 336 153 444 209; x_wconf 79' lang='lat' dir='ltr'>LIBER</span> <span class='ocrx_word' id='word_1_2' title='bbox 460 152 624 218; x_wconf 73' lang='lat' dir='ltr'>QUINTUS.</span> <span class='ocrx_word' id='word_1_3' title='bbox 846 154 896 207; x_wconf 72' lang='lat'>157</span> 
     </span>
    </p>
   </div>
   <div class='ocr_carea' id='block_1_2' title="bbox 55 252 899 1354">
    <p class='ocr_par' dir='ltr' id='par_1_2' title="bbox 55 252 899 1284">
     <span class='ocr_line' id='line_1_2' title="bbox 56 252 764 324; baseline -0.004 -16"><span class='ocrx_word' id='word_1_4' title='bbox 56 254 179 324; x_wconf 85' lang='lat' dir='ltr'>Pugnent</span> <span class='ocrx_word' id='word_1_5' title='bbox 192 253 316 321; x_wconf 77' lang='lat' dir='ltr'>membra,</span> <span class='ocrx_word' id='word_1_6' title='bbox 328 255 373 323; x_wconf 93' lang='lat' dir='ltr'>pio</span> <span class='ocrx_word' id='word_1_7' title='bbox 385 271 552 323; x_wconf 88' lang='lat' dir='ltr'>nequaquam</span> <span class='ocrx_word' id='word_1_8' title='bbox 563 253 669 306; x_wconf 87' lang='lat' dir='ltr'>concita</span> <span class='ocrx_word' id='word_1_9' title='bbox 680 252 749 306; x_wconf 88' lang='lat' dir='ltr'>bello</span> <span class='ocrx_word' id='word_1_10' title='bbox 755 273 764 318; x_wconf 87' lang='lat'>;</span> 
     </span>
     <span class='ocr_line' id='line_1_3' title="bbox 55 323 683 391; baseline -0.005 -14"><span class='ocrx_word' id='word_1_11' title='bbox 55 324 148 377; x_wconf 82' lang='lat' dir='ltr'>Nonne</span> <span class='ocrx_word' id='word_1_12' title='bbox 160 325 243 389; x_wconf 84' lang='lat' dir='ltr'>vides,</span> <span class='ocrx_word' id='word_1_13' title='bbox 255 323 292 375; x_wconf 90' lang='lat' dir='ltr'>ali</span> <span class='ocrx_word' id='word_1_14' title='bbox 309 341 371 375; x_wconf 89' lang='lat' dir='ltr'>uam</span> <span class='ocrx_word' id='word_1_15' title='bbox 382 324 456 391; x_wconf 87' lang='lat' dir='ltr'>longi</span> <span class='ocrx_word' id='word_1_16' title='bbox 467 324 617 376; x_wconf 80' lang='lat' dir='ltr'>certaminis</span> <span class='ocrx_word' id='word_1_17' title='bbox 630 323 683 374; x_wconf 87' lang='lat' dir='ltr'>illis</span> 
     </span>
     <span class='ocr_line' id='line_1_4' title="bbox 56 341 746 460; baseline -0.001 -15"><span class='ocrx_word' id='word_1_18' title='bbox 56 393 133 446; x_wconf 85' lang='lat' dir='ltr'>Posse</span> <span class='ocrx_word' id='word_1_19' title='bbox 145 393 203 445; x_wconf 84' lang='lat' dir='ltr'>dari</span> <span class='ocrx_word' id='word_1_20' title='bbox 214 341 311 444; x_wconf 66' lang='lat' dir='ltr'>fineml</span> <span class='ocrx_word' id='word_1_21' title='bbox 330 392 372 445; x_wconf 84' lang='lat' dir='ltr'>vel</span> <span class='ocrx_word' id='word_1_22' title='bbox 385 409 468 460; x_wconf 89' lang='lat' dir='ltr'>quum</span> <span class='ocrx_word' id='word_1_23' title='bbox 480 392 518 443; x_wconf 90' lang='lat' dir='ltr'>sol</span> <span class='ocrx_word' id='word_1_24' title='bbox 530 397 557 444; x_wconf 90' lang='lat' dir='ltr'>et</span> <span class='ocrx_word' id='word_1_25' title='bbox 569 409 650 460; x_wconf 87' lang='lat' dir='ltr'>vapor</span> <span class='ocrx_word' id='word_1_26' title='bbox 662 390 746 444; x_wconf 89' lang='lat' dir='ltr'>omnis</span> 
     </span>
     <span class='ocr_line' id='line_1_5' title="bbox 56 461 646 530; baseline -0.003 -16"><span class='ocrx_word' id='word_1_27' title='bbox 56 461 184 515; x_wconf 81' lang='lat' dir='ltr'>Omnibus</span> <span class='ocrx_word' id='word_1_28' title='bbox 196 461 279 530; x_wconf 88' lang='lat' dir='ltr'>epotis</span> <span class='ocrx_word' id='word_1_29' title='bbox 292 461 444 512; x_wconf 78' lang='lat' dir='ltr'><strong>humoribus</strong></span> <span class='ocrx_word' id='word_1_30' title='bbox 456 462 646 528; x_wconf 85' lang='lat' dir='ltr'>exsuperarint,</span> 
     </span>
     <span class='ocr_line' id='line_1_6' title="bbox 57 530 861 598; baseline -0.001 -16"><span class='ocrx_word' id='word_1_31' title='bbox 57 531 133 595; x_wconf 89' lang='lat' dir='ltr'>Quod</span> <span class='ocrx_word' id='word_1_32' title='bbox 144 531 230 582; x_wconf 84' lang='lat' dir='ltr'>facere</span> <span class='ocrx_word' id='word_1_33' title='bbox 242 530 394 596; x_wconf 84' lang='lat' dir='ltr'>intendunt,</span> <span class='ocrx_word' id='word_1_34' title='bbox 405 547 491 597; x_wconf 89' lang='lat' dir='ltr'>neque</span> <span class='ocrx_word' id='word_1_35' title='bbox 503 530 590 581; x_wconf 87' lang='lat' dir='ltr'>adhuc</span> <span class='ocrx_word' id='word_1_36' title='bbox 603 535 696 581; x_wconf 87' lang='lat' dir='ltr'>conata</span> <span class='ocrx_word' id='word_1_37' title='bbox 708 535 861 598; x_wconf 85' lang='lat' dir='ltr'>patrantur:</span> 
     </span>
     <span class='ocr_line' id='line_1_7' title="bbox 55 598 748 666; baseline -0.001 -15"><span class='ocrx_word' id='word_1_38' title='bbox 55 599 173 651; x_wconf 70' lang='lat' dir='ltr'>Tantum</span> <span class='ocrx_word' id='word_1_39' title='bbox 185 598 356 666; x_wconf 69' lang='lat' dir='ltr'>suppeditant</span> <span class='ocrx_word' id='word_1_40' title='bbox 366 615 465 665; x_wconf 84' lang='lat' dir='ltr'>amnes,</span> <span class='ocrx_word' id='word_1_41' title='bbox 477 598 600 665; x_wconf 88' lang='lat' dir='ltr'>ultroque</span> <span class='ocrx_word' id='word_1_42' title='bbox 611 599 748 651; x_wconf 87' lang='lat' dir='ltr'>minantur</span> 
     </span>
     <span class='ocr_line' id='line_1_8' title="bbox 57 667 634 735; baseline 0.003 -15"><span class='ocrx_word' id='word_1_43' title='bbox 57 667 154 720; x_wconf 86' lang='lat' dir='ltr'>Omnia</span> <span class='ocrx_word' id='word_1_44' title='bbox 165 668 294 719; x_wconf 70' lang='lat' dir='ltr'>diluviare</span> <span class='ocrx_word' id='word_1_45' title='bbox 306 684 339 720; x_wconf 85' lang='lat' dir='ltr'>ex</span> <span class='ocrx_word' id='word_1_46' title='bbox 351 667 405 719; x_wconf 82' lang='lat' dir='ltr'>alto</span> <span class='ocrx_word' id='word_1_47' title='bbox 417 668 523 735; x_wconf 82' lang='lat' dir='ltr'>gurgite</span> <span class='ocrx_word' id='word_1_48' title='bbox 534 667 634 734; x_wconf 74' lang='lat' dir='ltr'>pontit.</span> 
     </span>
     <span class='ocr_line' id='line_1_9' title="bbox 56 736 748 805; baseline 0.001 -17"><span class='ocrx_word' id='word_1_49' title='bbox 56 736 243 805; x_wconf 85' lang='lat' dir='ltr'>Nequidquam</span> <span class='ocrx_word' id='word_1_50' title='bbox 253 755 260 799; x_wconf 88' lang='lat'>;</span> <span class='ocrx_word' id='word_1_51' title='bbox 277 737 403 802; x_wconf 86' lang='lat' dir='ltr'>quoniam</span> <span class='ocrx_word' id='word_1_52' title='bbox 416 741 547 789; x_wconf 85' lang='lat' dir='ltr'>verrentes</span> <span class='ocrx_word' id='word_1_53' title='bbox 559 752 662 802; x_wconf 83' lang='lat' dir='ltr'>aequora</span> <span class='ocrx_word' id='word_1_54' title='bbox 674 736 748 789; x_wconf 81' lang='lat' dir='ltr'>venti</span> 
     </span>
     <span class='ocr_line' id='line_1_10' title="bbox 56 804 899 872; baseline 0.002 -16"><span class='ocrx_word' id='word_1_55' title='bbox 56 804 230 870; x_wconf 88' lang='lat' dir='ltr'>Deminuunt‚</span> <span class='ocrx_word' id='word_1_56' title='bbox 241 805 373 872; x_wconf 86' lang='lat' dir='ltr'>radiisque</span> <span class='ocrx_word' id='word_1_57' title='bbox 384 811 505 856; x_wconf 86' lang='lat' dir='ltr'>retexens</span> <span class='ocrx_word' id='word_1_58' title='bbox 518 804 641 856; x_wconf 85' lang='lat' dir='ltr'>aetherius</span> <span class='ocrx_word' id='word_1_59' title='bbox 653 805 708 868; x_wconf 85' lang='lat' dir='ltr'>sol;</span> <span class='ocrx_word' id='word_1_60' title='bbox 847 809 899 858; x_wconf 86' lang='grc'>390</span> 
     </span>
     <span class='ocr_line' id='line_1_11' title="bbox 57 873 626 942; baseline -0.004 -16"><span class='ocrx_word' id='word_1_61' title='bbox 57 873 94 926; x_wconf 81' lang='lat' dir='ltr'>Et</span> <span class='ocrx_word' id='word_1_62' title='bbox 106 874 202 925; x_wconf 90' lang='lat' dir='ltr'>siccare</span> <span class='ocrx_word' id='word_1_63' title='bbox 214 874 286 942; x_wconf 91' lang='lat' dir='ltr'>prius</span> <span class='ocrx_word' id='word_1_64' title='bbox 297 873 435 926; x_wconf 87' lang='lat' dir='ltr'>confidunt</span> <span class='ocrx_word' id='word_1_65' title='bbox 447 873 534 925; x_wconf 89' lang='lat' dir='ltr'>omnia</span> <span class='ocrx_word' id='word_1_66' title='bbox 546 890 626 940; x_wconf 83' lang='lat' dir='ltr'>posse,</span> 
     </span>
     <span class='ocr_line' id='line_1_12' title="bbox 58 941 716 1010; baseline 0.002 -16"><span class='ocrx_word' id='word_1_67' title='bbox 58 943 144 1006; x_wconf 81' lang='lat' dir='ltr'>Quam</span> <span class='ocrx_word' id='word_1_68' title='bbox 156 943 242 1009; x_wconf 90' lang='lat' dir='ltr'>liquor</span> <span class='ocrx_word' id='word_1_69' title='bbox 254 943 362 1010; x_wconf 80' lang='lat' dir='ltr'>incoepti</span> <span class='ocrx_word' id='word_1_70' title='bbox 373 943 455 1010; x_wconf 81' lang='lat' dir='ltr'>possit</span> <span class='ocrx_word' id='word_1_71' title='bbox 467 943 618 1008; x_wconf 85' lang='lat' dir='ltr'>contingere</span> <span class='ocrx_word' id='word_1_72' title='bbox 630 941 716 995; x_wconf 88' lang='lat' dir='ltr'>finem.</span> 
     </span>
     <span class='ocr_line' id='line_1_13' title="bbox 56 1011 675 1079; baseline -0.002 -17"><span class='ocrx_word' id='word_1_73' title='bbox 56 1011 174 1063; x_wconf 72' lang='lat' dir='ltr'>Tantum</span> <span class='ocrx_word' id='word_1_74' title='bbox 186 1011 314 1078; x_wconf 76' lang='lat' dir='ltr'>spirantes</span> <span class='ocrx_word' id='word_1_75' title='bbox 327 1027 402 1079; x_wconf 85' lang='lat' dir='ltr'>aequo</span> <span class='ocrx_word' id='word_1_76' title='bbox 414 1011 556 1062; x_wconf 81' lang='lat' dir='ltr'>certamine</span> <span class='ocrx_word' id='word_1_77' title='bbox 568 1011 675 1078; x_wconf 76' lang='lat' dir='ltr'>bellum,</span> 
     </span>
     <span class='ocr_line' id='line_1_14' title="bbox 58 1078 665 1148; baseline 0 -17"><span class='ocrx_word' id='word_1_78' title='bbox 58 1078 165 1148; x_wconf 80' lang='lat' dir='ltr'>Magnis</span> <span class='ocrx_word' id='word_1_79' title='bbox 178 1079 298 1131; x_wconf 90' lang='lat' dir='ltr'>derebus</span> <span class='ocrx_word' id='word_1_80' title='bbox 310 1080 380 1131; x_wconf 88' lang='lat' dir='ltr'>inter</span> <span class='ocrx_word' id='word_1_81' title='bbox 392 1097 418 1131; x_wconf 89' lang='lat' dir='ltr'>se</span> <span class='ocrx_word' id='word_1_82' title='bbox 430 1096 534 1131; x_wconf 90' lang='lat' dir='ltr'>eernere</span> <span class='ocrx_word' id='word_1_83' title='bbox 546 1085 665 1132; x_wconf 86' lang='lat' dir='ltr'>certant:</span> 
     </span>
     <span class='ocr_line' id='line_1_15' title="bbox 58 1148 719 1216; baseline 0 -17"><span class='ocrx_word' id='word_1_84' title='bbox 58 1148 150 1209; x_wconf 88' lang='lat' dir='ltr'>Quum</span> <span class='ocrx_word' id='word_1_85' title='bbox 162 1148 240 1200; x_wconf 90' lang='lat' dir='ltr'>semel</span> <span class='ocrx_word' id='word_1_86' title='bbox 252 1149 281 1199; x_wconf 91' lang='lat' dir='ltr'>in</span> <span class='ocrx_word' id='word_1_87' title='bbox 293 1155 362 1201; x_wconf 88' lang='lat' dir='ltr'>terra</span> <span class='ocrx_word' id='word_1_88' title='bbox 373 1148 454 1200; x_wconf 85' lang='lat' dir='ltr'>fuerit</span> <span class='ocrx_word' id='word_1_89' title='bbox 466 1148 630 1216; x_wconf 79' lang='lat' dir='ltr'>superantior</span> <span class='ocrx_word' id='word_1_90' title='bbox 641 1148 719 1216; x_wconf 85' lang='lat' dir='ltr'>ignis,</span> 
     </span>
     <span class='ocr_line' id='line_1_16' title="bbox 57 1216 744 1284; baseline 0.001 -15"><span class='ocrx_word' id='word_1_91' title='bbox 57 1217 95 1269; x_wconf 84' lang='lat' dir='ltr'>Et</span> <span class='ocrx_word' id='word_1_92' title='bbox 107 1216 194 1282; x_wconf 89' lang='lat' dir='ltr'>semel,</span> <span class='ocrx_word' id='word_1_93' title='bbox 207 1225 238 1268; x_wconf 93' lang='lat' dir='ltr'>ut</span> <span class='ocrx_word' id='word_1_94' title='bbox 249 1217 321 1268; x_wconf 87' lang='lat' dir='ltr'>fama</span> <span class='ocrx_word' id='word_1_95' title='bbox 333 1223 380 1282; x_wconf 90' lang='lat' dir='ltr'>est,</span> <span class='ocrx_word' id='word_1_96' title='bbox 393 1217 486 1268; x_wconf 89' lang='lat' dir='ltr'>humor</span> <span class='ocrx_word' id='word_1_97' title='bbox 498 1218 615 1284; x_wconf 85' lang='lat' dir='ltr'>regnarit</span> <span class='ocrx_word' id='word_1_98' title='bbox 626 1218 655 1268; x_wconf 91' lang='lat' dir='ltr'>in</span> <span class='ocrx_word' id='word_1_99' title='bbox 668 1217 744 1270; x_wconf 84' lang='lat' dir='ltr'>arvis.</span> 
     </span>
    </p>

    <p class='ocr_par' dir='ltr' id='par_1_3' title="bbox 95 1285 794 1354">
     <span class='ocr_line' id='line_1_17' title="bbox 95 1285 794 1354; baseline 0.001 -17"><span class='ocrx_word' id='word_1_100' title='bbox 95 1285 169 1354; x_wconf 86' lang='lat' dir='ltr'>Ignis</span> <span class='ocrx_word' id='word_1_101' title='bbox 181 1286 251 1338; x_wconf 91' lang='lat' dir='ltr'>enim</span> <span class='ocrx_word' id='word_1_102' title='bbox 265 1287 406 1354; x_wconf 85' lang='lat' dir='ltr'>superavit,</span> <span class='ocrx_word' id='word_1_103' title='bbox 418 1293 445 1338; x_wconf 90' lang='lat' dir='ltr'>et</span> <span class='ocrx_word' id='word_1_104' title='bbox 457 1287 565 1338; x_wconf 89' lang='lat' dir='ltr'>ambens</span> <span class='ocrx_word' id='word_1_105' title='bbox 576 1286 662 1338; x_wconf 89' lang='lat' dir='ltr'>multa</span> <span class='ocrx_word' id='word_1_106' title='bbox 673 1286 794 1354; x_wconf 88' lang='lat' dir='ltr'>perussit,</span> 
     </span>
    </p>
   </div>
   <div class='ocr_carea' id='block_1_3' title="bbox 310 1414 655 1492">
    <p class='ocr_par' dir='ltr' id='par_1_4' title="bbox 310 1414 655 1492">
     <span class='ocr_line' id='line_1_18' title="bbox 310 1414 655 1492; baseline 0.006 -24"><span class='ocrx_word' id='word_1_107' title='bbox 310 1414 351 1469; x_wconf 85' lang='lat' dir='ltr'>De</span> <span class='ocrx_word' id='word_1_108' title='bbox 363 1415 509 1492; x_wconf 67' lang='lat' dir='ltr'>Plcitoule</span> <span class='ocrx_word' id='word_1_109' title='bbox 520 1417 655 1486; x_wconf 76' lang='lat' dir='ltr'>solisfile&#39;o.</span> 
     </span>
    </p>
   </div>
   <div class='ocr_carea' id='block_1_4' title="bbox 58 1501 900 2668">
    <p class='ocr_par' dir='ltr' id='par_1_5' title="bbox 58 1501 900 2668">
     <span class='ocr_line' id='line_1_19' title="bbox 58 1501 755 1571; baseline 0.003 -17"><span class='ocrx_word' id='word_1_110' title='bbox 58 1501 128 1554; x_wconf 83' lang='lat' dir='ltr'>Avia</span> <span class='ocrx_word' id='word_1_111' title='bbox 140 1517 220 1569; x_wconf 87' lang='lat' dir='ltr'>quum</span> <span class='ocrx_word' id='word_1_112' title='bbox 232 1501 400 1554; x_wconf 76' lang='lat' dir='ltr'>Phaethonta</span> <span class='ocrx_word' id='word_1_113' title='bbox 411 1519 494 1570; x_wconf 82' lang='lat' dir='ltr'>rapax</span> <span class='ocrx_word' id='word_1_114' title='bbox 507 1503 546 1554; x_wconf 84' lang='lat' dir='ltr'>vis</span> <span class='ocrx_word' id='word_1_115' title='bbox 558 1503 618 1554; x_wconf 87' lang='lat' dir='ltr'>solis</span> <span class='ocrx_word' id='word_1_116' title='bbox 631 1521 755 1571; x_wconf 89' lang='lat' dir='ltr'>equorum</span> 
     </span>
     <span class='ocr_line' id='line_1_20' title="bbox 58 1571 674 1638; baseline 0.003 -16"><span class='ocrx_word' id='word_1_117' title='bbox 58 1571 169 1622; x_wconf 85' lang='lat' dir='ltr'>AEthere</span> <span class='ocrx_word' id='word_1_118' title='bbox 181 1571 297 1638; x_wconf 83' lang='lat' dir='ltr'>raptavit</span> <span class='ocrx_word' id='word_1_119' title='bbox 309 1576 365 1622; x_wconf 85' lang='lat' dir='ltr'>toto</span> <span class='ocrx_word' id='word_1_120' title='bbox 377 1576 509 1638; x_wconf 86' lang='lat' dir='ltr'>terrasque</span> <span class='ocrx_word' id='word_1_121' title='bbox 521 1589 568 1638; x_wconf 90' lang='lat' dir='ltr'>per</span> <span class='ocrx_word' id='word_1_122' title='bbox 579 1589 674 1624; x_wconf 74' lang='lat' dir='ltr'>omnes„</span> 
     </span>
     <span class='ocr_line' id='line_1_21' title="bbox 58 1639 899 1708; baseline 0.006 -19"><span class='ocrx_word' id='word_1_123' title='bbox 58 1639 97 1690; x_wconf 88' lang='lat' dir='ltr'>At</span> <span class='ocrx_word' id='word_1_124' title='bbox 110 1645 185 1707; x_wconf 90' lang='lat' dir='ltr'>pater</span> <span class='ocrx_word' id='word_1_125' title='bbox 196 1639 366 1707; x_wconf 87' lang='lat' dir='ltr'>omnipotens,</span> <span class='ocrx_word' id='word_1_126' title='bbox 379 1640 419 1691; x_wconf 90' lang='lat' dir='ltr'>ira</span> <span class='ocrx_word' id='word_1_127' title='bbox 430 1646 488 1691; x_wconf 89' lang='lat' dir='ltr'>tum</span> <span class='ocrx_word' id='word_1_128' title='bbox 501 1641 615 1707; x_wconf 81' lang='lat' dir='ltr'>percitus</span> <span class='ocrx_word' id='word_1_129' title='bbox 627 1642 688 1708; x_wconf 82' lang='lat' dir='ltr'>aori,</span> <span class='ocrx_word' id='word_1_130' title='bbox 846 1645 899 1695; x_wconf 87' lang='grc'>400</span> 
     </span>
     <span class='ocr_line' id='line_1_22' title="bbox 59 1707 757 1776; baseline 0.004 -16"><span class='ocrx_word' id='word_1_131' title='bbox 59 1707 263 1774; x_wconf 85' lang='lat' dir='ltr'>Magnanimum</span> <span class='ocrx_word' id='word_1_132' title='bbox 275 1708 444 1760; x_wconf 76' lang='lat' dir='ltr'>Phaethonta</span> <span class='ocrx_word' id='word_1_133' title='bbox 455 1710 557 1776; x_wconf 86' lang='lat' dir='ltr'>repenti</span> <span class='ocrx_word' id='word_1_134' title='bbox 569 1710 688 1761; x_wconf 82' lang='lat' dir='ltr'>fulminis</span> <span class='ocrx_word' id='word_1_135' title='bbox 700 1711 757 1763; x_wconf 89' lang='lat' dir='ltr'>ictu</span> 
     </span>
     <span class='ocr_line' id='line_1_23' title="bbox 59 1776 693 1845; baseline 0.006 -18"><span class='ocrx_word' id='word_1_136' title='bbox 59 1776 220 1828; x_wconf 87' lang='lat' dir='ltr'>Deturbavit</span> <span class='ocrx_word' id='word_1_137' title='bbox 232 1777 304 1843; x_wconf 88' lang='lat' dir='ltr'>equis</span> <span class='ocrx_word' id='word_1_138' title='bbox 316 1777 344 1827; x_wconf 90' lang='lat' dir='ltr'>in</span> <span class='ocrx_word' id='word_1_139' title='bbox 356 1782 454 1828; x_wconf 88' lang='lat' dir='ltr'>terram</span> <span class='ocrx_word' id='word_1_140' title='bbox 461 1796 468 1840; x_wconf 94' lang='lat'>;</span> <span class='ocrx_word' id='word_1_141' title='bbox 486 1777 575 1845; x_wconf 86' lang='lat' dir='ltr'>solque</span> <span class='ocrx_word' id='word_1_142' title='bbox 587 1779 693 1831; x_wconf 79' lang='lat' dir='ltr'>cadenti</span> 
     </span>
     <span class='ocr_line' id='line_1_24' title="bbox 61 1844 672 1913; baseline 0.002 -16"><span class='ocrx_word' id='word_1_143' title='bbox 61 1844 161 1897; x_wconf 84' lang='lat' dir='ltr'>Obvius</span> <span class='ocrx_word' id='word_1_144' title='bbox 173 1850 298 1896; x_wconf 84' lang='lat' dir='ltr'>aeternam</span> <span class='ocrx_word' id='word_1_145' title='bbox 311 1846 425 1912; x_wconf 86' lang='lat' dir='ltr'>suscepit</span> <span class='ocrx_word' id='word_1_146' title='bbox 437 1846 560 1913; x_wconf 85' lang='lat' dir='ltr'>lampada</span> <span class='ocrx_word' id='word_1_147' title='bbox 571 1847 672 1909; x_wconf 86' lang='lat' dir='ltr'>mundi,</span> 
     </span>
     <span class='ocr_line' id='line_1_25' title="bbox 60 1913 775 1984; baseline 0.004 -19"><span class='ocrx_word' id='word_1_148' title='bbox 60 1913 240 1980; x_wconf 88' lang='lat' dir='ltr'>Disjectosque</span> <span class='ocrx_word' id='word_1_149' title='bbox 252 1914 354 1984; x_wconf 82' lang='lat' dir='ltr'>redegit</span> <span class='ocrx_word' id='word_1_150' title='bbox 365 1931 452 1981; x_wconf 88' lang='lat' dir='ltr'>equos,</span> <span class='ocrx_word' id='word_1_151' title='bbox 462 1915 607 1982; x_wconf 85' lang='lat' dir='ltr'>junxitque</span> <span class='ocrx_word' id='word_1_152' title='bbox 619 1921 775 1979; x_wconf 89' lang='lat' dir='ltr'>trementes;</span> 
     </span>
     <span class='ocr_line' id='line_1_26' title="bbox 61 1982 761 2050; baseline 0.003 -16"><span class='ocrx_word' id='word_1_153' title='bbox 61 1982 130 2034; x_wconf 87' lang='lat' dir='ltr'>Inde</span> <span class='ocrx_word' id='word_1_154' title='bbox 142 1999 218 2033; x_wconf 89' lang='lat' dir='ltr'>suum</span> <span class='ocrx_word' id='word_1_155' title='bbox 230 1999 277 2050; x_wconf 86' lang='lat' dir='ltr'>per</span> <span class='ocrx_word' id='word_1_156' title='bbox 288 1982 339 2033; x_wconf 91' lang='lat' dir='ltr'>iter</span> <span class='ocrx_word' id='word_1_157' title='bbox 350 1984 478 2034; x_wconf 87' lang='lat' dir='ltr'>recreavit</span> <span class='ocrx_word' id='word_1_158' title='bbox 490 1991 585 2035; x_wconf 86' lang='lat' dir='ltr'>cuneta</span> <span class='ocrx_word' id='word_1_159' title='bbox 596 1984 761 2050; x_wconf 88' lang='lat' dir='ltr'>gubernans:</span> 
     </span>
     <span class='ocr_line' id='line_1_27' title="bbox 60 2051 692 2120; baseline 0.002 -16"><span class='ocrx_word' id='word_1_160' title='bbox 60 2051 175 2116; x_wconf 84' lang='lat' dir='ltr'>Scilicet,</span> <span class='ocrx_word' id='word_1_161' title='bbox 189 2056 219 2102; x_wconf 91' lang='lat' dir='ltr'>ut</span> <span class='ocrx_word' id='word_1_162' title='bbox 230 2056 329 2103; x_wconf 77' lang='lat' dir='ltr'>veteres</span> <span class='ocrx_word' id='word_1_163' title='bbox 342 2051 453 2103; x_wconf 80' lang='lat' dir='ltr'>Graium</span> <span class='ocrx_word' id='word_1_164' title='bbox 466 2052 582 2103; x_wconf 89' lang='lat' dir='ltr'>cecinere</span> <span class='ocrx_word' id='word_1_165' title='bbox 594 2060 692 2120; x_wconf 82' lang='lat' dir='ltr'>poetae3</span> 
     </span>
     <span class='ocr_line' id='line_1_28' title="bbox 62 2119 752 2190; baseline 0.007 -20"><span class='ocrx_word' id='word_1_166' title='bbox 62 2119 141 2178; x_wconf 85' lang='lat' dir='ltr'>Quod</span> <span class='ocrx_word' id='word_1_167' title='bbox 154 2119 244 2186; x_wconf 87' lang='lat' dir='ltr'>procul</span> <span class='ocrx_word' id='word_1_168' title='bbox 256 2136 272 2170; x_wconf 93' lang='lat' dir='ltr'>a</span> <span class='ocrx_word' id='word_1_169' title='bbox 284 2137 345 2171; x_wconf 81' lang='lat' dir='ltr'>vera</span> <span class='ocrx_word' id='word_1_170' title='bbox 357 2120 435 2171; x_wconf 90' lang='lat' dir='ltr'>nimis</span> <span class='ocrx_word' id='word_1_171' title='bbox 447 2126 487 2172; x_wconf 86' lang='lat' dir='ltr'>est</span> <span class='ocrx_word' id='word_1_172' title='bbox 498 2121 599 2172; x_wconf 90' lang='lat' dir='ltr'>ratione</span> <span class='ocrx_word' id='word_1_173' title='bbox 611 2122 752 2190; x_wconf 80' lang='lat' dir='ltr'>repulsum</span> 
     </span>
     <span class='ocr_line' id='line_1_29' title="bbox 62 2188 647 2256; baseline 0.005 -17"><span class='ocrx_word' id='word_1_174' title='bbox 62 2188 137 2255; x_wconf 90' lang='lat' dir='ltr'>Ignis</span> <span class='ocrx_word' id='word_1_175' title='bbox 149 2188 219 2239; x_wconf 89' lang='lat' dir='ltr'>enim</span> <span class='ocrx_word' id='word_1_176' title='bbox 231 2205 351 2255; x_wconf 86' lang='lat' dir='ltr'>superare</span> <span class='ocrx_word' id='word_1_177' title='bbox 363 2194 456 2256; x_wconf 83' lang='lat' dir='ltr'>potest,</span> <span class='ocrx_word' id='word_1_178' title='bbox 470 2189 514 2239; x_wconf 91' lang='lat' dir='ltr'>ubi</span> <span class='ocrx_word' id='word_1_179' title='bbox 526 2191 647 2242; x_wconf 86' lang='lat' dir='ltr'>materiai</span> 
     </span>
     <span class='ocr_line' id='line_1_30' title="bbox 62 2256 619 2324; baseline 0.004 -16"><span class='ocrx_word' id='word_1_180' title='bbox 62 2257 105 2308; x_wconf 83' lang='lat' dir='ltr'>Ex</span> <span class='ocrx_word' id='word_1_181' title='bbox 116 2256 221 2307; x_wconf 87' lang='lat' dir='ltr'>infinito</span> <span class='ocrx_word' id='word_1_182' title='bbox 234 2262 296 2307; x_wconf 92' lang='lat' dir='ltr'>sunt</span> <span class='ocrx_word' id='word_1_183' title='bbox 308 2273 414 2324; x_wconf 84' lang='lat' dir='ltr'>corpora</span> <span class='ocrx_word' id='word_1_184' title='bbox 427 2257 503 2324; x_wconf 88' lang='lat' dir='ltr'>plura</span> <span class='ocrx_word' id='word_1_185' title='bbox 515 2264 602 2310; x_wconf 89' lang='lat' dir='ltr'>coorta</span> <span class='ocrx_word' id='word_1_186' title='bbox 612 2277 619 2320; x_wconf 93' lang='lat'>;</span> 
     </span>
     <span class='ocr_line' id='line_1_31' title="bbox 62 2325 900 2393; baseline 0 -17"><span class='ocrx_word' id='word_1_187' title='bbox 62 2325 130 2377; x_wconf 90' lang='lat' dir='ltr'>Inde</span> <span class='ocrx_word' id='word_1_188' title='bbox 142 2325 241 2376; x_wconf 90' lang='lat' dir='ltr'>cadunt</span> <span class='ocrx_word' id='word_1_189' title='bbox 253 2325 321 2376; x_wconf 80' lang='lat' dir='ltr'>vires</span> <span class='ocrx_word' id='word_1_190' title='bbox 333 2326 422 2393; x_wconf 86' lang='lat' dir='ltr'>aliqua</span> <span class='ocrx_word' id='word_1_191' title='bbox 432 2326 533 2377; x_wconf 91' lang='lat' dir='ltr'>ratione</span> <span class='ocrx_word' id='word_1_192' title='bbox 545 2327 657 2392; x_wconf 75' lang='lat' dir='ltr'>revicta,</span> <span class='ocrx_word' id='word_1_193' title='bbox 848 2330 900 2379; x_wconf 80' lang='lat'>410</span> 
     </span>
     <span class='ocr_line' id='line_1_32' title="bbox 62 2393 664 2463; baseline 0 -17"><span class='ocrx_word' id='word_1_194' title='bbox 62 2393 120 2446; x_wconf 79' lang='lat' dir='ltr'>Aut</span> <span class='ocrx_word' id='word_1_195' title='bbox 131 2399 243 2462; x_wconf 89' lang='lat' dir='ltr'>pereunt</span> <span class='ocrx_word' id='word_1_196' title='bbox 254 2410 295 2444; x_wconf 88' lang='lat' dir='ltr'>res</span> <span class='ocrx_word' id='word_1_197' title='bbox 306 2401 406 2445; x_wconf 78' lang='lat' dir='ltr'>exustae</span> <span class='ocrx_word' id='word_1_198' title='bbox 416 2395 575 2463; x_wconf 79' lang='lat' dir='ltr'>torrentibus</span> <span class='ocrx_word' id='word_1_199' title='bbox 587 2395 664 2447; x_wconf 79' lang='lat' dir='ltr'>auris,</span> 
     </span>
     <span class='ocr_line' id='line_1_33' title="bbox 99 2462 767 2530; baseline 0.003 -18"><span class='ocrx_word' id='word_1_200' title='bbox 99 2462 202 2513; x_wconf 89' lang='lat' dir='ltr'>Humor</span> <span class='ocrx_word' id='word_1_201' title='bbox 213 2462 277 2513; x_wconf 90' lang='lat' dir='ltr'>item</span> <span class='ocrx_word' id='word_1_202' title='bbox 290 2463 422 2529; x_wconf 89' lang='lat' dir='ltr'>quondam</span> <span class='ocrx_word' id='word_1_203' title='bbox 434 2463 513 2530; x_wconf 84' lang='lat' dir='ltr'>coepit</span> <span class='ocrx_word' id='word_1_204' title='bbox 526 2480 647 2530; x_wconf 89' lang='lat' dir='ltr'>superare</span> <span class='ocrx_word' id='word_1_205' title='bbox 659 2468 767 2529; x_wconf 87' lang='lat' dir='ltr'>coortus,</span> 
     </span>
     <span class='ocr_line' id='line_1_34' title="bbox 63 2530 821 2599; baseline 0.008 -18"><span class='ocrx_word' id='word_1_206' title='bbox 63 2530 102 2582; x_wconf 89' lang='lat' dir='ltr'>Ut</span> <span class='ocrx_word' id='word_1_207' title='bbox 113 2530 185 2582; x_wconf 85' lang='lat' dir='ltr'>fama</span> <span class='ocrx_word' id='word_1_208' title='bbox 197 2537 245 2596; x_wconf 82' lang='lat' dir='ltr'>est,</span> <span class='ocrx_word' id='word_1_209' title='bbox 257 2531 392 2582; x_wconf 88' lang='lat' dir='ltr'>hominum</span> <span class='ocrx_word' id='word_1_210' title='bbox 404 2532 500 2583; x_wconf 87' lang='lat' dir='ltr'>multos</span> <span class='ocrx_word' id='word_1_211' title='bbox 512 2532 617 2599; x_wconf 88' lang='lat' dir='ltr'>quando</span> <span class='ocrx_word' id='word_1_212' title='bbox 629 2532 715 2584; x_wconf 88' lang='lat' dir='ltr'>obruit</span> <span class='ocrx_word' id='word_1_213' title='bbox 727 2533 821 2589; x_wconf 64' lang='lat' dir='ltr'>nudis?</span> 
     </span>
     <span class='ocr_line' id='line_1_35' title="bbox 64 2597 680 2668; baseline 0.002 -18"><span class='ocrx_word' id='word_1_214' title='bbox 64 2599 132 2651; x_wconf 90' lang='lat' dir='ltr'>Inde</span> <span class='ocrx_word' id='word_1_215' title='bbox 144 2597 191 2650; x_wconf 87' lang='lat' dir='ltr'>ubi</span> <span class='ocrx_word' id='word_1_216' title='bbox 203 2600 243 2650; x_wconf 84' lang='lat' dir='ltr'>vis</span> <span class='ocrx_word' id='word_1_217' title='bbox 254 2599 343 2666; x_wconf 85' lang='lat' dir='ltr'>aliqua</span> <span class='ocrx_word' id='word_1_218' title='bbox 353 2601 455 2652; x_wconf 88' lang='lat' dir='ltr'>ratione</span> <span class='ocrx_word' id='word_1_219' title='bbox 466 2617 556 2651; x_wconf 78' lang='lat' dir='ltr'>aversa</span> <span class='ocrx_word' id='word_1_220' title='bbox 567 2601 680 2668; x_wconf 84' lang='lat' dir='ltr'>recessit,</span> 
     </span>
    </p>
   </div>
   <div class='ocr_carea' id='block_1_5' title="bbox 63 2667 613 2736">
    <p class='ocr_par' dir='ltr' id='par_1_6' title="bbox 63 2667 613 2736">
     <span class='ocr_line' id='line_1_36' title="bbox 63 2667 613 2736; baseline 0 -16"><span class='ocrx_word' id='word_1_221' title='bbox 63 2667 106 2720; x_wconf 81' lang='lat' dir='ltr'>Ex</span> <span class='ocrx_word' id='word_1_222' title='bbox 117 2667 223 2720; x_wconf 88' lang='lat' dir='ltr'>infinito</span> <span class='ocrx_word' id='word_1_223' title='bbox 235 2667 322 2720; x_wconf 86' lang='lat' dir='ltr'>fuerat</span> <span class='ocrx_word' id='word_1_224' title='bbox 334 2685 507 2736; x_wconf 80' lang='lat' dir='ltr'>quacumque</span> <span class='ocrx_word' id='word_1_225' title='bbox 518 2674 613 2731; x_wconf 76' lang='lat' dir='ltr'>coorta,</span> 
     </span>
    </p>
   </div>
   <div class='ocr_carea' id='block_1_6' title="bbox 0 0 978 2964">
    <p class='ocr_par' dir='ltr' id='par_1_7' title="bbox 0 0 978 2964">
     <span class='ocr_line' id='line_1_37' title="bbox 0 0 978 2964; baseline 0 0"><span class='ocrx_word' id='word_1_226' title='bbox 0 0 978 2964; x_wconf 95' lang='lat' dir='ltr'> </span> 
     </span>
    </p>
   </div>
  </div>
 </body>
</html>
