1928 2964
82 145 132 197 ιιι
149 125 155 140 ’
381 138 409 192 r.
427 139 594 192 nuonurn

168 283 253 338 Potae
265 282 356 346 oculos,
368 282 497 352 linquam,
510 300 586 334 cares
597 299 646 334 esse
658 290 731 350 nata,
744 300 827 352 pesam

408 369 497 405 eoram
509 369 593 403 mom.

80 445 135 498 Neo
146 445 199 497 fuit
210 450 273 497 ante
284 444 372 498 videre
384 443 519 495 oculorum
529 443 631 495 lumina
642 449 722 506 nata;

79 514 105 566 N
106 531 134 566 ec
146 515 223 565 dictis
235 531 307 565 orare
319 513 398 580 prius,
411 529 490 579 quam
503 512 594 579 lingua
606 518 694 563 creata
705 518 760 564 est:

79 582 129 634 Sed
142 584 230 651 potius
241 582 318 649 longe
330 582 428 648 linguae
440 583 571 649 praecessit
583 581 654 647 origo

78 650 228 704 Sermonem
235 669 242 714 ;
260 651 394 718 multoque
406 656 499 701 creata
513 656 574 701 sunt
586 651 658 716 prius
671 667 754 717 aurea,

79 718 165 782 Quam
177 736 253 770 sonus
265 725 304 770 est
316 719 422 771 auditus
429 737 436 781 ;
455 724 482 770 et
494 719 581 770 omnia
593 719 706 785 denique
718 719 839 773 membra

78 787 148 839 Ante
160 788 240 853 fuere,
253 795 284 839 ut
295 788 392 854 opinor,
405 804 494 839 eorum
507 804 586 855 quam
597 787 665 838 foret
677 803 747 840 usus.

77 855 160 908 Haud
171 857 254 923 igitur
265 862 373 924 potuere
384 855 477 907 utendi
490 873 603 907 crescere
615 872 701 908 causa.

111 926 149 977 At
160 932 250 977 contra
263 925 378 976 conferre
390 941 471 975 manu
483 925 627 976 certamina
639 929 744 992 pugnae,

79 992 113 1045 Et
124 994 238 1045 lacerare
250 999 330 1059 artus,
343 993 492 1060 foedareque
503 993 620 1044 membra
631 1010 721 1044 cruore

80 1062 148 1114 Ante
159 1063 211 1114 fuit
223 1062 315 1128 multo,
328 1078 407 1129 quam
419 1061 506 1113 lucida
519 1062 572 1113 tola
584 1061 716 1115 volarent:
740 1087 741 1090 ¹

78 1130 112 1182 lte
124 1131 221 1183 vulnus
233 1131 316 1182 vitare
328 1131 400 1199 prius
412 1135 508 1181 natura
521 1131 613 1197 coegit,

77 1200 162 1263 Quam
174 1200 247 1251 daret
260 1199 390 1268 objectum
402 1202 504 1266 parmai
518 1199 585 1250 laeva
597 1216 643 1267 per
654 1205 746 1254 arteni

111 1268 215 1320 Scilicet
228 1276 255 1320 et
266 1269 364 1320 fessum
376 1284 467 1335 corpus
479 1269 603 1319 mandare
616 1268 701 1334 quieti

76 1335 163 1389 Multo
175 1338 310 1404 antiquius
322 1343 369 1403 est,
382 1352 461 1403 quam
472 1335 535 1387 lecti
546 1337 636 1389 mollia
648 1343 748 1390 strata:

76 1405 112 1457 Et
124 1406 212 1457 sedare
225 1407 296 1458 sitim
308 1407 380 1474 prius
393 1411 440 1471 est,
453 1422 532 1472 quam
544 1405 645 1474 pocula,
658 1411 761 1459 natum.

75 1473 141 1526 Haec
153 1475 236 1541 igitur
247 1481 352 1543 possent
364 1475 456 1526 utendi
469 1475 574 1540 cognita
586 1491 664 1526 causa

76 1541 187 1608 Oredier,
200 1560 232 1594 ex
246 1560 294 1594 usu
306 1560 365 1610 quae
379 1549 441 1594 sunt
453 1544 560 1609 vitaque
572 1549 683 1611 reperta

75 1609 127 1662 Illa
140 1611 252 1678 quidem,
265 1629 380 1662 seorsum
392 1619 453 1663 sunt
466 1612 553 1663 omnia
561 1629 620 1679 quae
632 1611 704 1679 prius
715 1611 776 1679 ipsa

74 1678 152 1745 Nata,
166 1679 258 1731 dedere
271 1696 323 1731 suae
334 1686 394 1748 post
405 1681 527 1732 notitiam
539 1681 678 1732 utilitatis:

75 1747 131 1810 Quo
143 1765 237 1816 genere
248 1749 277 1799 in
289 1749 379 1816 primis
392 1765 481 1800 sensus
494 1755 520 1800 et
532 1748 648 1801 membra
660 1748 788 1802 videmus.

75 1814 160 1879 Quare
172 1817 253 1868 etiam
264 1825 344 1885 atque
356 1819 437 1869 etiam
448 1818 539 1885 procul
551 1824 597 1881 est,
609 1825 641 1869 ut
654 1816 758 1869 credere
770 1819 854 1887 possis

75 1883 207 1937 Utilitatis
219 1886 252 1937 ob
264 1887 378 1938 officium
390 1887 504 1954 potuisse
516 1887 604 1938 creari.
775 1941 777 1945 ,

109 1955 181 2006 Illud
192 1955 256 2006 item
268 1973 321 2006 non
334 1964 373 2007 est
384 1955 541 2021 mirandum,
555 1955 667 2022 corporis
678 1954 737 2022 ipsa

21 2048 26 2058 ·
74 2023 149 2087 Quod
161 2029 257 2075 natura
269 2025 355 2075 cibum
368 2025 461 2092 quaerit
474 2026 599 2091 cujusque
612 2024 761 2076 animantis.

74 2092 176 2161 Quippe
189 2093 286 2143 etenim
298 2093 378 2143 fluere
390 2100 470 2159 atque
482 2093 600 2143 recedere
612 2110 718 2160 corpora
727 2093 808 2145 rebus

73 2160 162 2213 Multa
173 2161 257 2212 modis
268 2161 359 2212 multis
372 2161 464 2212 docui:
484 2161 528 2211 sed
541 2161 654 2228 plurima
668 2161 764 2212 debent

72 2229 115 2282 Ex
127 2230 298 2293 animalibus;
316 2230 373 2281 haec
385 2231 448 2297 quia
460 2237 522 2280 sunt
535 2231 650 2281 exercita
662 2236 751 2292 motu;

72 2298 210 2368 Multaque
222 2317 268 2367 per
280 2299 399 2350 sudorem
412 2317 444 2350 ex
457 2299 510 2350 alto
523 2316 610 2366 pressa
622 2298 744 2349 feruntur
751 2318 759 2362 ;

72 2367 160 2420 Multa
172 2386 218 2436 per
230 2386 257 2419 os
269 2369 434 2434 exhalantur,
448 2368 666 2435 quum'languida
678 2368 815 2423 anhelant.

72 2436 122 2487 His
135 2437 217 2503 igitur
229 2436 305 2489 rebus
317 2438 425 2489 rarescit
438 2454 538 2504 corpus,
551 2444 577 2487 et
590 2437 673 2487 omnis

72 2503 213 2556 Subruitur
224 2514 334 2570 natura;
353 2507 425 2557 dolor
437 2522 517 2573 quam
529 2505 697 2571 consequitur
709 2522 772 2560 rem.

72 2573 213 2639 Propterea
225 2574 329 2641 capitur
342 2576 422 2639 cibus,
435 2581 465 2624 ut
478 2573 611 2624 suffulciat
624 2581 704 2639 artus,
773 2618 774 2621 ,

65 2641 108 2691 Μ
116 2646 219 2692 recreet
232 2642 299 2693 vires
311 2644 465 2707 interdatus‚
478 2649 556 2708 atque
568 2648 702 2709 patentem
