1928 2964
324 168 431 220 LIBER
449 169 611 233 QUINTUS.
839 174 887 223 181

52 269 104 322 sed
116 288 192 339 mage
204 279 298 340 pacata
310 289 383 340 posse
395 274 482 324 omnia
493 279 581 325 menta
593 274 669 326 tueri.

50 340 76 391 N
77 358 119 392 am
132 358 215 408 quum
228 342 382 409 suspicimus
394 343 484 408 magni
496 342 611 394 coelestia
623 342 716 394 mundi

50 409 159 476 Templa
171 427 256 478 super,
269 410 402 477 stellisque
413 411 572 463 micantibus
584 412 682 464 aethera
694 412 784 481 fixum,

49 478 87 530 Et
99 478 212 530 venitin
224 485 340 530 mentem
352 479 412 530 solis
424 480 547 546 lunaeque
559 480 668 547 viarum,

50 547 131 614 Tunc,
144 547 203 598 aliis
215 565 337 616 oppressa
348 548 431 614 malis,
443 549 472 598 in
485 556 588 616 pectore
601 567 664 602 cura

50 615 104 667 Illa
116 632 220 684 quoque
232 618 444 685 expergefactum
458 625 538 684 caput
550 619 648 685 erigere
659 619 727 686 infit,

49 684 90 736 Ne
103 701 160 752 quae
172 686 240 737 forte
251 687 331 737 deum
343 685 417 737 nobis
429 686 556 738 immensa
568 693 683 755 potestas

49 753 99 819 Sit,
112 755 183 806 vario
195 761 269 806 motu
281 771 339 822 quae
352 755 464 806 candida
478 755 563 806 sidera
574 762 666 808 verset.

49 822 147 874 Tentat
159 823 229 875 enim
241 823 349 875 dubiam
360 830 475 874 mentem
486 823 595 874 rationis
607 831 714 893 egestas,
817 831 884 879 1210

48 890 206 958 Ecquaenam
220 893 301 945 fuerit
312 893 405 943 mundi
416 892 539 959 genitalis
552 893 624 959 origo
631 911 639 956 3

48 959 84 1011 Et
97 960 182 1027 simul,
195 978 283 1029 ecquae
296 963 331 1014 sit
342 961 409 1027 finis,
421 962 508 1028 quoad
519 963 615 1013 moenia
626 962 727 1030 mundi,

48 1028 85 1080 Et
98 1030 165 1081 tanti
179 1038 265 1096 motus
276 1031 348 1081 hunc
360 1030 460 1098 possint
471 1031 538 1081 ferre
550 1029 678 1084 laborem:

47 1097 100 1164 An,
113 1098 241 1151 divinitus
253 1106 351 1151 aeterna
363 1098 460 1151 donata
473 1099 565 1165 salute,

49 1165 180 1235 Perpetuo
192 1168 292 1235 possint
304 1168 354 1220 aevi
365 1167 481 1220 labentia
493 1173 581 1220 tractu

48 1235 175 1287 Immensi
186 1236 286 1288 validas
299 1238 348 1289 aevi
360 1243 525 1289 contemnere
537 1237 613 1290 viros:

83 1305 220 1370 Praeterea,
233 1306 277 1357 cui
288 1323 341 1357 non
353 1307 456 1357 animus
468 1305 607 1358 formidine
619 1305 712 1358 <liviam

48 1373 236 1426 Contrahiturl
254 1375 298 1426 cui
309 1392 362 1426 non
374 1381 515 1442 correpunt
526 1374 643 1426 membra
673 1391 757 1442 avora,

48 1441 178 1493 Fulminis
190 1442 308 1495 horribili
319 1461 402 1511 quum
413 1444 492 1513 plaga
503 1444 602 1496 torrida
614 1449 641 1496 te
662 1461 693 1495 us

48 1510 200 1576 contremit,
208 1519 235 1563 et
241 1529 368 1579 magnum
379 1519 535 1580 percurrunt
547 1530 682 1565 murmura
690 1512 803 1567 coeluml
817 1517 883 1566 1220

47 1578 74 1631 N
75 1595 110 1630 on
122 1579 213 1647 populi
224 1587 366 1649 gentesque
378 1581 512 1633 tremuntl
529 1598 654 1650 regesque
666 1582 772 1650 superbi

48 1647 199 1716 Corripiunt
211 1649 302 1702 divim
313 1651 426 1718 perculsi
438 1649 554 1702 membra
563 1651 663 1718 timore,

46 1716 73 1769 N
73 1735 88 1769 e
100 1717 170 1786 quod
182 1717 215 1790 ob
225 1719 368 1771 admissum
380 1720 455 1786 foede,
468 1720 602 1772 dictumve
614 1719 730 1789 superbe,

46 1785 188 1840 Poenarum
199 1804 278 1855 grave
290 1789 324 1840 sit
336 1788 452 1841 solvendi
464 1794 567 1856 tempus
579 1789 720 1841 adactum?

46 1855 156 1908 Summa
167 1857 247 1908 etiam
259 1874 341 1924 quum
352 1857 392 1910 vis
404 1857 513 1909 violenti
525 1874 571 1924 per
582 1874 653 1908 mare
666 1858 739 1909 venti

46 1925 261 1993 Induperatorem
274 1926 362 1977 classis
374 1943 451 1994 super
462 1942 566 1992 aequora
578 1925 667 1992 verrit,

45 1994 112 2047 (lum
125 1994 218 2046 validis
230 1994 328 2062 pariter
339 1995 485 2061 legionibus
497 2000 577 2061 atque
590 1994 750 2063 elephantis:

44 2062 106 2114 Non
118 2062 211 2115 divim
222 2080 313 2130 pscem
324 2065 392 2115 votis
404 2064 468 2129 adit,
480 2079 511 2114 ac
524 2079 599 2130 prece
611 2063 705 2130 quaesit

45 2131 191 2184 Ventorum
202 2133 313 2199 pavidus
325 2149 409 2201 paces,
421 2133 572 2199 animasque
585 2131 730 2185 secundasl

43 2200 243 2268 Nequidquam:
261 2201 385 2268 quoniam
397 2201 511 2253 violento
523 2201 629 2253 turbine
641 2218 707 2270 saepe
812 2204 880 2252 1230

44 2270 183 2338 Correptus
195 2269 278 2322 nihilo
290 2271 374 2321 fertur
385 2270 519 2321 minusad
531 2270 599 2322 vada
611 2270 671 2322 leti:

44 2338 134 2406 Usque
145 2339 210 2390 adeo
221 2356 261 2390 res
273 2338 401 2389 humanas
413 2339 452 2391 vis
464 2338 555 2390 abdita
567 2339 688 2405 quaedam

43 2407 155 2474 Obterit,
167 2413 194 2459 et
205 2407 327 2474 pulchros
339 2407 421 2459 fasces
434 2424 564 2474 saevasque
576 2423 676 2458 secures

43 2476 199 2529 Proculcare
210 2493 241 2528 ac
253 2475 366 2528 ludibrio
378 2476 427 2526 sibi
439 2475 535 2528 habere
546 2475 658 2527 videtur.

77 2545 199 2614 Denique
211 2544 259 2596 sub
270 2543 379 2612 pedibus
391 2544 470 2597 tellus
500 2561 564 2595 uum
576 2550 632 2595 tota
645 2542 759 2608 vacillat,

43 2614 231 2681 concussaque
242 2613 342 2665 cadunt
354 2612 438 2680 urbes,
450 2561 589 2679 duliaeque
600 2613 748 2665 minantur:

43 2683 113 2750 Quid
125 2684 230 2749 mirum,
243 2682 265 2734 si
277 2698 304 2734 se
316 2687 440 2734 temnunt
450 2682 573 2735 mortalia
584 2682 675 2751 sescla,
