1928 2964
376 130 608 186 ARGUMENTA.
863 130 912 183 xiii

72 254 207 302 simulacris
221 252 325 314 denique
335 252 432 298 uberius
448 251 534 313 repetit
546 256 570 297 et
587 264 699 296 somnum
713 248 748 311 [v.
761 250 910 312 908-962],

72 341 96 381 et
109 334 240 389 insomnia,
252 347 355 394 quorum
367 333 444 378 varias
460 346 543 378 causas
560 338 684 377 enumerat
696 329 730 391 [v.
744 329 908 392 963-1033J,

71 413 166 472 adjecta
187 413 216 459 de
238 426 326 465 amore,
348 411 447 457 libidine
468 410 567 470 ejusque
589 410 712 456 affectibus
732 409 910 470 elegantissima

71 491 219 554 digressione
231 489 269 552 [v.
282 489 462 551 lost-4281}

417 639 562 654 mmm

340 767 458 820 mear
489 765 644 832 omum.

100 889 227 937 Exorans
244 889 315 950 potita
331 888 361 934 ab
373 887 474 949 Epicuri
489 886 609 942 laudibus,
621 885 660 952 cui
676 891 772 948 propter
787 891 907 948 repertam

68 969 261 1031 explicatamque
271 968 448 1030 philosophiam
458 966 515 1028 plus
526 966 627 1013 debeant
637 966 756 1024 mortales,
767 982 840 1028 quam
850 966 906 1014 reli·

68 1050 123 1111 quis
139 1049 259 1105 omnibus,
272 1048 314 1108 qui
330 1048 359 1094 de
376 1062 462 1109 genere
476 1047 582 1093 humano
593 1047 653 1093 bene
665 1048 796 1094 meruerint
810 1046 844 1108 [r.
860 1050 905 1094 l-

67 1127 122 1190 54]‚
138 1134 309 1188 argumentum
325 1133 378 1172 tum
394 1126 449 1173 libri
465 1125 624 1186 praecedentis
639 1127 726 1188 repetit
738 1125 772 1188 [v.
786 1126 903 1189 55-67]‚

65 1213 120 1254 tum
130 1206 188 1253 nori
198 1206 308 1266 adjungit
323 1205 357 1265 [v.
370 1204 486 1266 68-91].
519 1203 557 1251 Ac
573 1205 678 1267 primum
695 1206 764 1252 docet
779 1206 835 1261 fore,
847 1206 902 1251 uni-

64 1303 163 1336 versum
173 1288 292 1334 mundum
305 1302 354 1333 una
364 1293 392 1333 ut
405 1287 484 1333 diruat
499 1286 549 1332 dies
561 1284 597 1347 [v.
610 1286 743 1348 92—110].
777 1287 802 1332 N
804 1301 843 1332 am
855 1293 902 1332 ter-

65 1384 126 1426 ram,
147 1383 222 1424 mare,
244 1366 341 1425 coelum,
364 1367 441 1413 sidera
462 1381 514 1413 esse
533 1366 657 1423 mortalia;
686 1381 735 1413 nou
757 1381 816 1423 esse,
838 1367 903 1428 quod

66 1447 141 1495 Stoici
153 1453 276 1509 putarunt,
287 1447 393 1493 animata
408 1446 492 1508 deique
508 1446 584 1507 ipsius
601 1451 688 1508 partes,
702 1461 754 1504 nec,
769 1447 832 1508 quod
846 1447 900 1493 vul-

64 1542 111 1588 gus
128 1527 256 1582 existimet,
273 1526 354 1572 sedem
370 1540 398 1572 ao
415 1525 564 1572 domicilium
581 1526 680 1573 deorum
698 1524 733 1586 [v.
752 1526 899 1588 111—156].

64 1605 88 1654 N
91 1621 104 1654 a
115 1605 176 1666 quis·
188 1612 268 1652 autem
283 1605 345 1652 hanc
359 1605 445 1652 mundi
459 1620 599 1667 compagem
609 1621 624 1652 a
634 1606 680 1652 diis
690 1606 779 1652 factam
793 1622 852 1664 esse,
863 1615 899 1655 at·

64 1700 111 1747 que
130 1685 185 1732 ideo
204 1684 364 1732 inmortalem
384 1685 473 1742 credat,
491 1685 619 1733 Lucretius
634 1685 758 1733 contraria
774 1688 900 1734 sententiae

62 1768 207 1825 argumenta
223 1770 275 1809 tum
292 1779 306 1810 a
322 1770 408 1811 natura
424 1765 529 1822 deorum,
542 1771 594 1812 tum
611 1780 626 1811 a
640 1765 724 1812 vitiosa
738 1767 825 1813 'mundi
842 1782 900 1814 con·

62 1843 202 1900 structione,
212 1848 266 1889 tum
282 1844 312 1890 ab
328 1858 356 1890 eo
372 1844 439 1906 petit,
456 1845 520 1906 quod
535 1859 618 1891 omnes
635 1845 686 1905 ejus
702 1852 781 1906 partes
798 1847 899 1894 subinde

61 1923 182 1970 intereant
194 1920 229 1983 [v.
243 1920 388 1983 lot—235}
408 1922 472 1969 Nam
485 1923 548 1970 sicut
558 1929 689 1984 quatuor,e
701 1924 788 1985 quibus
798 1932 899 1983 constat,

61 2001 189 2057 elementa,
198 2007 268 2057 terra,
277 2015 347 2061 aqua,
356 2002 398 2047 air
407 2007 431 2047 et
440 2001 510 2062 ignis,
517 2009 540 2048 et
550 2009 607 2049 nata
618 2001 665 2048 sint
671 2008 695 2050 et
702 2003 896 2064 exstinguantur:

61 2081 95 2128 ita
100 2080 221 2127 mundum
230 2081 312 2141 ipsum
320 2079 450 2142 aliquando
456 2081 553 2128 initium
559 2074 680 2139 habuisse,
687 2081 816 2144 aliquando
825 2084 898 2132 finem

60 2159 200 2208 habiturum
215 2174 268 2206 esse
280 2157 315 2219 [v.
328 2159 476 2222 nso-416}
509 2160 623 2222 Sequitur
633 2162 786 2223 cosmogonia
797 2163 897 2223 Epicuri

61 2237 96 2301 [v.
115 2237 272 2299 alt-432];
295 2239 429 2286 secundum
446 2254 518 2301 quam
539 2242 610 2301 poita
626 2240 655 2286 de
671 2248 725 2286 ortu
746 2241 897 2301 singularum

59 2321 145 2369 mnndi
155 2319 262 2382 partium
273 2333 304 2366 ex
314 2320 432 2380 indigesta
442 2321 545 2381 quadam
558 2322 621 2368 mole
634 2321 782 2382 pronuntiat,
794 2323 895 2369 eisdem-

59 2415 112 2462 que,
121 2407 195 2463 prout
204 2398 326 2461 graviores
336 2399 485 2461 levioresque
496 2405 560 2455 sunt,
572 2399 639 2446 sedes
654 2415 710 2446 suas
720 2406 744 2446 et
754 2400 819 2447 locos
828 2403 896 2449 attri-

58 2480 111 2528 buit
122 2479 159 2543 [v.
173 2477 331 2539 433—509]:
348 2478 433 2525 deinde
445 2479 473 2525 de
485 2479 541 2526 coeli
552 2479 704 2539 siderumque
717 2480 823 2527 motibus
836 2482 895 2528 duas

59 2560 126 2609 affert
141 2559 269 2624 opiniones
281 2556 319 2620 [v.
329 2557 486 2620 510-534J:
508 2559 576 2605 docet
591 2572 668 2619 porro,
680 2572 727 2618 quo
743 2560 815 2607 modo
825 2568 894 2631 terrae
