1928 2964
96 142 147 194 114
412 139 441 192 Τ.
458 139 626 192 nocnnrn

94 243 195 312 Fertur,
208 249 234 296 et
245 243 275 294 in
287 246 395 295 cunctos
407 242 552 296 dimittitur
564 243 680 312 undique
692 248 799 311 pertes;

94 313 149 365 Nec
160 331 240 380 more,
253 329 301 364 nee
312 312 415 380 requies
428 312 498 364 inter
509 313 589 364 datur
601 312 656 364 ulla
667 312 769 365 fluendi
780 331 789 366 ε

93 381 223 450 Perpetuo
236 382 361 449 quonium
373 382 506 444 sentimus,
519 387 546 432 et
558 382 646 433 omnia
657 398 759 450 semper

94 452 210 518 Cernere,
223 450 324 503 odorari
336 451 405 512 licet,
418 456 445 501 et
458 451 553 502 sentire
566 468 663 502 sonere.
885 455 936 505 230

128 520 264 587 Praetereo,
278 520 402 588 quonium
413 519 534 570 menibus
545 525 660 571 tractata
671 519 758 586 figura

92 589 126 640 In
138 589 251 641 tenebris
263 588 391 657 quedam,
403 588 567 654 cognoscitur
579 605 633 640 esse
645 588 743 654 endem,
756 605 817 656 quae

92 658 214 709 Cernitur
225 659 253 708 in
265 658 324 708 luce
336 663 363 709 et
376 656 446 708 clero
458 656 586 720 candore;
604 674 708 708 necesse
720 663 760 709 est

91 726 225 778 Consimili
237 743 315 778 causa
328 732 430 778 tectum
441 725 578 794 visumque
590 726 694 778 moveri.

90 793 169 847 Nunc
181 796 270 862 igitur,
283 796 305 846 si
317 794 475 863 quadratum
487 801 626 860 tentemus,
639 799 666 846 et
677 794 706 846 id
718 811 766 846 nos

90 863 240 917 Commovet
252 864 280 915 in
293 863 406 916 tenebris
413 882 420 926 ;
438 863 466 913 in
478 863 532 915 luci
545 881 603 931 quae
615 863 711 932 poterit
722 881 765 915 res

89 933 214 985 Accidere
226 933 260 984 ad
273 933 392 1001 speciem,
404 932 534 1000 quadratu
546 933 598 984 nisi
609 935 664 1000 ejus
676 932 783 1000 imago?

88 1001 152 1054 Esse
164 1002 192 1053 in
204 1001 364 1069 imaginibus
377 1008 537 1068 quopropter
548 1019 626 1054 conso
638 1002 744 1054 videtur

89 1070 224 1138 (iernendi,
237 1088 323 1138 neque
335 1087 408 1138 posse
421 1071 476 1120 sine
488 1071 529 1122 his
541 1088 581 1122 res
594 1071 649 1122 ulle
660 1071 752 1122 videri

122 1141 148 1192 N
149 1158 201 1192 unc
213 1158 251 1207 ee,
265 1157 323 1208 qnae
336 1139 400 1204 dico,
412 1155 501 1190 rerum
513 1140 652 1191 simulacre
663 1139 789 1192 feruntur
878 1145 931 1196 240

88 1207 219 1278 Undique,
231 1217 258 1262 et
270 1210 299 1261 in
311 1215 420 1260 cunctos
429 1208 567 1275 jaciuntur
579 1208 663 1260 didita
675 1214 777 1276 portes:

88 1276 193 1345 Verum,
206 1296 252 1331 nos
265 1278 345 1331 oculis
358 1277 421 1346 quie
433 1277 493 1327 solis
506 1294 609 1328 cernere
622 1277 734 1344 quimus,

85 1345 227 1416 Propterea
238 1348 277 1412 fit,
290 1347 337 1413 uti,
350 1346 462 1414 speciem
474 1363 525 1464 quo
537 1346 670 1413 vertimus,
682 1363 773 1398 omnes

86 1414 138 1468 Res
150 1416 187 1467 ibi
199 1434 257 1468 eom
268 1423 359 1468 contre
370 1415 468 1466 ferient
491 1432 563 1466 orme
574 1420 655 1482 etque
666 1415 758 1467 colore.

85 1484 121 1536 llt
133 1491 262 1552 quantum
274 1501 382 1552 quaeque
395 1484 427 1536 ab
439 1484 514 1535 nobis
525 1501 566 1535 res
578 1483 653 1551 obsit,
665 1484 754 1551 imago

85 1553 181 1619 Efficit,
193 1560 224 1604 ut
236 1554 379 1618 videamus,
392 1559 419 1604 et
430 1553 604 1604 internoscere
616 1558 698 1605 curat,

84 1621 110 1673 N
111 1639 154 1674 am
167 1638 248 1689 quum
260 1623 384 1688 mittitur,
397 1622 530 1689 extemplo
542 1622 663 1690 procudit
675 1621 785 1688 agitque

83 1691 160 1757 Atro,
174 1690 220 1758 qui
231 1691 300 1742 inter
312 1709 339 1742 se
352 1709 462 1758 cumque
474 1697 513 1742 est
525 1691 664 1758 oculosque
675 1691 792 1755 locntns3

83 1760 163 1828 Isque
174 1759 214 1811 its
225 1777 272 1828 per
284 1767 384 1812 nostrus
397 1761 465 1812 scies
477 1760 623 1828 perlabitur
635 1761 726 1822 omnis,

82 1829 118 1882 Et
130 1829 205 1897 quasi
218 1829 345 1898 pertergit
357 1829 478 1897 pupilles,
491 1835 571 1897 etque
583 1830 622 1881 ite
634 1829 736 1880 transit
874 1834 926 1884 250

82 1897 224 1967 Propterea
235 1899 274 1966 fit,
286 1900 327 1951 uti
339 1899 482 1964 videamus,
495 1915 574 1965 quam
586 1897 676 1966 procul
689 1897 758 1949 obsit

82 1967 133 2020 Res
145 1984 253 2035 quaeque
264 1987 271 2032 ;
289 1974 316 2020 et
328 1973 427 2036 quanto
439 1967 498 2034 plus
510 1968 578 2020 s'e'ris
590 1972 653 2019 unte
664 1967 790 2034 agitetur,

81 2035 117 2088 Et
129 2043 229 2089 nostros
241 2037 328 2089 oculos
340 2042 472 2106 perterget
484 2037 585 2103 longior
597 2053 669 2102 aurit,

80 2105 145 2159 'lom
157 2107 247 2175 procul
259 2123 313 2158 esse
324 2106 408 2172 magis
419 2122 460 2156 res
472 2122 582 2173 quaeque
593 2110 693 2157 remote
705 2104 819 2158 videtur.

80 2175 186 2229 Scilicet
198 2176 254 2227 haec
267 2193 366 2227 summe
379 2174 456 2225 celeri
468 2176 570 2226 ratione
581 2179 717 2242 geruntur,

80 2247 164 2311 Qunle
176 2246 218 2313 sit,
230 2252 262 2297 ut
273 2245 417 2308 videamus,
431 2250 458 2295 et
469 2248 530 2309 unu,
543 2261 623 2312 quem
636 2242 725 2311 procul
738 2242 816 2296 absit.

113 2315 186 2367 Illud
197 2316 226 2366 in
238 2315 279 2366 his
290 2313 367 2365 rebus
379 2313 486 2365 minime
498 2313 617 2365 mirabile
629 2312 779 2364 habendum
791 2318 841 2380 est,

78 2385 132 2436 Gur
144 2402 181 2448 es,
195 2402 253 2452 quae
265 2384 363 2435 ferient
376 2383 462 2434 oculos
476 2383 623 2448 simulacre,
636 2381 719 2434 videri

77 2453 187 2519 singula
200 2470 283 2520 quum
294 2457 434 2521 nequeunt,
446 2469 487 2502 res
498 2451 561 2519 ipsae
573 2450 771 2518 perspiciantur.

80 2522 179 2574 Ventus
189 2523 259 2573 enim
268 2539 369 2589 qnoque
379 2521 509 2589 paulatim
518 2537 600 2586 quum
608 2519 727 2572 verberet
735 2524 762 2570 et
771 2536 857 2588 quum
868 2524 919 2574 260

77 2592 143 2644 Acre
154 2588 215 2641 fluit
226 2591 318 2657 frigus,
330 2607 383 2642 non
394 2589 506 2670 primam
520 2587 776 2656 quemquesolernus

62 2658 234 2715 Particulem
247 2660 322 2714 renti
334 2665 432 2712 sentire
442 2663 469 2709 et
481 2657 584 2724 frigoris
596 2659 659 2724 ejus

101 2876 238 2916 A
