1928 2964
70 157 104 206 56
382 153 410 205 Τ.
428 152 595 204 Luouuuss

70 253 166 307 Vivam
177 254 328 322 progeniem
341 254 427 322 quiin
441 271 498 306 oras
510 254 618 306 luminis
630 254 717 306 edant.

70 324 206 391 Tympana
218 329 292 375 tenta
305 329 399 375 tonant
411 323 505 390 palmis
518 329 545 374 et
557 323 678 390 cymbala
691 324 791 374 circum

71 393 197 458 Concava,
209 393 396 459 raucisonoque
408 393 546 443 minantur
558 409 655 443 cornua
667 399 755 457 cantu,

71 461 106 513 Et
119 460 234 529 Phrygio
247 461 366 512 stimulat
377 477 485 512 numero
497 478 562 512 cava
575 461 640 512 tibia
651 469 752 512 mentes
763 478 770 524 ;
861 464 909 513 620

72 530 186 597 Telaque
198 535 367 598 praeportant,
380 529 489 581 violenti
501 530 577 596 signa
589 530 691 593 furoris,

73 599 193 666 Ingratos
206 599 306 650 animos
318 605 398 664 atque
410 599 492 665 impia
504 605 609 665 pectora
622 599 696 665 vulgi

73 668 223 721 Conterrere
234 673 308 719 metu
320 676 379 735 qu‘ae
391 667 492 734 possint
504 668 612 718 numine
625 667 699 719 divae.

107 737 176 802 Ergo
189 753 270 803 quum
282 737 398 803 primum
409 753 518 802 magnas
530 736 635 787 invecta
646 753 697 804 per,
705 735 781 788 urbes

74 805 105 856 M
107 805 216 857 unificat
228 805 311 856 tacita
322 804 445 856 mortales
456 811 531 855 muta
543 804 643 857 salute:

73 874 134 925 AEre
147 879 226 941 atque
238 879 346 940 argento
359 879 481 924 sternunt
492 874 544 924 iter
556 890 632 925 omne
644 873 774 941 viarumr,

17 942 20 946 ’
74 941 203 1009 Largifica
215 942 283 1010 stipe
294 942 417 1007 ditantes,
430 943 597 1008 ninguntque
608 960 726 994 rosarum

23 1070 28 1077 ¹
74 1011 201 1077 Floribus,
214 1011 365 1062 umbrantes
377 1016 489 1062 matrem
501 1011 678 1078 comitumque
691 1017 816 1064 catervas
915 1016 919 1027 “

75 1080 128 1132 Hic
139 1085 241 1132 armata
253 1097 354 1143 manus,
368 1079 475 1130 Curetas
488 1080 593 1131 nomine
607 1080 689 1132 Graeci

22 1162 26 1169 ’
76 1150 145 1213 Quos
157 1156 303 1200 memorant
315 1148 450 1216 Phrygios,
463 1148 533 1199 inter
545 1166 571 1199 se
584 1149 651 1200 forte
663 1154 770 1201 catenas
863 1152 914 1201 6:30

75 1219 191 1285 Ludunt,
203 1218 233 1269 in
244 1235 434 1285 numerumque
446 1216 588 1275 exsultant,
602 1218 729 1284 sanguine
740 1217 797 1269 fleti
808 1236 816 1281 ;

76 1287 211 1339 Terrificas
223 1287 342 1354 capitum
354 1287 502 1354 quatientes
515 1287 624 1337 numine
636 1287 736 1353 cristas,
809 1293 811 1295 ’

76 1355 189 1408 Dictaeos
200 1357 318 1408 referunt
331 1356 447 1421 Curetas,
460 1355 505 1422 qui
517 1355 536 1406 J
537 1355 591 1406 ovis
604 1355 681 1406 illum

77 1425 205 1492 Vagitum
217 1425 246 1475 in
259 1425 337 1476 Creta
348 1425 480 1491 quondam
492 1423 634 1475 occultasse
647 1424 789 1489 feruntu13

78 1493 167 1557 Quum
179 1492 255 1560 pueri
264 1493 363 1544 circum
375 1509 487 1561 puerum
498 1492 603 1560 pernice
616 1492 711 1545 chorea

21 1598 25 1602 -
78 1561 181 1613 Armati
193 1561 222 1612 in
232 1578 372 1612 numerum
384 1562 520 1629 pulsarent
531 1560 626 1612 aeribus
639 1579 698 1628 aera,

78 1631 118 1683 Ne
131 1630 260 1682 Saturnus
271 1647 332 1681 eum
344 1631 420 1681 malis
432 1631 568 1682 mandaret
580 1630 699 1698 adeptus,

78 1699 269 1765 AEternumque
282 1699 356 1750 daret
368 1700 448 1751 matri
460 1699 507 1750 sub
520 1705 623 1766 pectore
635 1701 739 1752 vulnus.
837 1738 839 1744 .
940 1723 943 1733 =

79 1767 220 1836 Propterea
231 1785 355 1834 magnam
367 1768 462 1820 armati
473 1773 585 1819 matrem
597 1769 771 1820 comitantur:

80 1837 142 1902 Aut,
155 1836 216 1902 quia
229 1836 379 1904 significant
391 1837 479 1888 divam
491 1837 638 1905 praedicere‚
651 1844 683 1888 ut
695 1838 774 1890 armis
868 1841 919 1891 640

80 1907 119 1957 Ac
131 1905 230 1957 virtute
242 1906 325 1958 velint
338 1906 451 1974 patriam
463 1905 602 1957 defendere
614 1911 711 1957 terram
718 1925 725 1969 ;

80 1974 257 2041 Praesidioque
269 1982 363 2043 parent
375 1975 512 2041 decorique
524 1974 676 2042 parentibus
689 1992 749 2027 esse.

117 2043 188 2109 Qua,
202 2043 266 2094 bene
281 2050 307 2095 et
320 2043 414 2095 eximie
427 2043 546 2110 quamvis
558 2043 674 2111 disposta
686 2044 813 2111 ferantur,

82 2113 170 2180 Longe
182 2118 244 2163 sunt
257 2119 345 2163 tamen
357 2129 373 2162 a
385 2128 447 2163 vera
458 2113 559 2164 ratione
572 2113 682 2180 repulsa.

334 2220 445 2273 Beatam
458 2230 480 2275 et
492 2222 667 2292 corruptibile.

84 2321 174 2375 Omnis
186 2319 256 2372 enim
267 2337 314 2388 per
326 2336 352 2369 se
365 2316 457 2368 divum
469 2324 564 2370 natura
576 2336 679 2370 necesse
692 2327 732 2372 est

23 2451 28 2461 „
84 2389 230 2442 Immortali
243 2406 297 2442 aro
309 2403 412 2440 summa
423 2403 484 2437 curn
496 2404 561 2454 pace
572 2388 685 2454 fruatur,

26 2502 33 2516 ,.
84 2458 188 2510 Sernota
200 2476 216 2510 a
228 2458 321 2510 nostris
333 2456 411 2509 rebus
423 2456 592 2522 sejunctaque
604 2456 699 2523 longe3

84 2526 110 2578 N
110 2545 154 2578 am
165 2528 269 2595 privata
281 2528 368 2579 dolore
381 2524 459 2590 omni,
472 2525 575 2591 privata
586 2525 697 2592 periclis,

25 2644 28 2649 .
86 2595 147 2663 Ipsa
159 2597 212 2648 suis
224 2597 324 2664 pollens
336 2594 434 2664 opibus,
447 2593 514 2644 nihil
526 2593 617 2660 indiga
629 2594 719 2662 nostri,

376 2697 385 2722 7
399 2690 469 2730 emula
478 2689 567 2734 circum
582 2688 628 2727 ΜΒ.

556 2902 577 2928 h.
