1928 2964
340 162 447 214 LIBER
464 162 621 216 TERTIUS.
849 165 898 214 105

60 261 151 382 Atgue
163 262 253 322 animo,
261 263 361 315 incerto
372 263 479 315 fluitans
492 281 576 315 errore
587 263 709 331 vageris?

115 331 125 380 i
137 337 242 398 possent
253 331 378 398 homines,
390 332 499 400 proinde
511 349 541 383 ac
554 333 650 384 sentire
662 332 786 383 videntur

60 397 168 450 Pondus
180 400 263 451 inesse
274 400 369 466 animo,
383 401 452 467 quod
465 417 491 451 se
503 401 634 466 gravitate
645 400 747 467 fatiget,

59 466 83 518 Ε
96 467 192 534 quibus
204 467 231 518 id
242 468 290 519 fiat
303 469 385 520 causis
397 485 502 535 quoque
513 485 625 535 noscere,
637 474 664 519 et
676 469 746 520 unde

59 535 148 587 Tanta
159 536 223 587 mali
234 541 361 603 tunquam
372 537 452 589 moles
464 537 493 588 iu
505 543 608 604 pectore
621 543 736 600 constet3

59 604 143 656 Haud
152 604 191 655 ita
199 605 282 656 vitem
287 610 402 672 agerent,
407 612 438 656 ut
448 622 518 656 nunc
524 605 678 673 plerumque
685 606 817 658 ridemus:
830 609 897 659 1070

59 672 132 736 Quid
144 670 193 723 sibi
206 673 315 740 quisque
326 673 398 740 velit,
410 674 516 740 nescire,
528 679 556 724 et
568 690 679 740 querere
692 692 792 742 semper
798 694 806 738 3

59 741 227 794 commutare
239 740 332 809 locum,
345 743 420 808 quasi
433 759 498 793 onus
511 743 638 809 deponere
650 744 738 809 possit.
908 793 914 826 ι

94 809 161 861 Exit
173 826 239 877 saepe
251 810 319 862 ieras
331 811 434 877 magnis
446 828 479 861 ex
492 811 590 862 aedibus
602 811 654 875 ille,
742 825 817 861 uas-a
836 826 839 847 ³
859 822 862 827 ’
935 872 937 877 A

59 877 124 929 Esse
136 877 207 928 domi
219 895 296 945 quom
327 885 448 930 ertaesum
460 885 507 943 est,
520 878 658 946 subitoque
669 879 792 943 revertit3

60 946 166 1013 Quippe
177 946 240 997 foris
252 896 337 998 nihifo
348 936 441 998 melius
454 947 501 1014 qui
513 947 609 998 sentiat
621 964 682 998 esse.

58 1013 148 1066 currit
160 1030 240 1081 agens
252 1031 361 1066 mannos
372 1015 406 1066 ad
418 1015 510 1067 villam
522 1015 724 1082 praecipitanter,

57 1081 199 1135 Auxilium
210 1083 287 1134 tectis
300 1085 375 1150 quasi
387 1083 454 1135 ferre
467 1083 618 1135 ardentibus
631 1084 747 1134 instans:

58 1151 162 1203 Oscitet
173 1151 312 1219 extemplo,
324 1153 415 1219 tetigit
427 1169 510 1219 quum
521 1152 613 1203 limina
625 1152 713 1215 vi11ae;

56 1219 115 1273 Aut
126 1219 182 1272 abit
193 1220 223 1270 in
234 1236 354 1272 somnum
366 1221 460 1288 gravis,
473 1226 553 1286 atque
565 1220 661 1272 oblivia
673 1220 783 1288 quaerit3

56 1287 115 1342 Aut
126 1288 207 1341 etiam
218 1306 360 1357 properans
372 1289 462 1340 urbem
474 1289 542 1357 petit
554 1294 633 1355 utque
644 1289 741 1341 revisit.
825 1291 894 1340 1080

56 1355 119 1409 Hoc
130 1373 157 1408 se
169 1357 278 1424 quisque
289 1359 365 1409 modo
377 1358 461 1424 fugit:
480 1363 516 1423 at,
529 1374 605 1424 quem
618 1357 724 1422 scilicet,
737 1362 768 1409 ut
780 1357 819 1424 fit,

56 1424 181 1492 Effugere
192 1425 265 1478 houd
275 1427 345 1545 potis
357 1431 404 1492 est,
416 1427 528 1493 ingratis
540 1426 630 1492 haeret,
642 1430 669 1477 et
681 1426 737 1477 odit

56 1493 207 1562 Propterea,
219 1511 275 1545 mor
293 1495 303 1545 i
315 1495 377 1562 quia
389 1511 494 1547 causam
506 1511 559 1545 non
570 1499 644 1545 tenet
656 1512 737 1561 aeger:

57 1561 145 1626 Quam
156 1561 222 1614 bene
234 1563 256 1614 11
268 1563 363 1628 videat,
372 1565 429 1630 jam
440 1563 517 1615 rebus
530 1563 641 1630 quisque
652 1563 751 1615 relictis

49 1629 188 1683 'Naturam
200 1632 315 1699 primum
328 1633 432 1684 studeat
444 1649 597 1698 cognoscere
609 1648 710 1695 rerum3
769 1656 782 1708 s
866 1690 869 1695 ,

56 1698 191 1766 'temporis
203 1701 295 1752 aeterni
307 1701 437 1767 quoniam,
450 1717 503 1752 non
514 1701 594 1752 unius
606 1701 684 1766 horae,
796 1710 802 1729 ·'

56 1766 210 1834 Ambigrtur
221 1775 313 1835 stratus,
325 1770 354 1820 in
366 1786 417 1836 quo
430 1770 464 1821 sit
476 1768 630 1820 mortalibus
643 1769 727 1820 omnis

55 1835 132 1887 AEtes
143 1842 331 1905 postmortem,
344 1855 400 1905 quae
411 1841 494 1889 restat
506 1854 625 1905 cumque,
637 1837 773 1890 manendo.

90 1903 212 1971 Denique
224 1911 299 1958 tanto
332 1923 360 1957 re
373 1907 401 1957 in
413 1906 500 1957 dubiis
513 1905 644 1973 trepidare
674 1905 760 1957 ericlis

55 1971 121 2036 Quae
132 1973 203 2025 mula
214 1990 261 2026 nos
273 1991 304 2026 su
321 1974 372 2040 igit
384 1975 450 2027 vitai
463 1979 540 2026 tanta
551 1923 673 2041 cupido?

55 2041 134 2093 Certe
145 2041 251 2109 quidem
263 2042 322 2094 finis
334 2043 397 2094 vitae
408 2042 564 2094 mortalibus
576 2043 672 2109 adstat,

53 2109 80 2162 N
80 2126 111 2161 ec
123 2109 235 2162 devitari
246 2111 330 2163 letum
342 2117 411 2178 pote,
424 2112 489 2179 quin
501 2110 630 2164 obeamus.

88 2177 219 2230 Praeteree
230 2196 364 2232 versamur
375 2179 472 2231 ibidem
484 2185 564 2246 atque
576 2181 695 2231 insumus
706 2197 803 2247 usquc3

52 2246 109 2299 Nec
121 2263 189 2299 nore
200 2247 312 2300 vivendo
324 2248 478 2316 procuditur
490 2248 545 2301 ulla
557 2249 686 2316 voluptas.

52 2313 113 2382 Sed,
126 2314 191 2367 dum
202 2314 282 2382 obest,
296 2316 365 2384 quod
377 2333 491 2383 avemus,
502 2317 530 2368 id
543 2333 698 2384 exsuperare
710 2316 815 2369 videtur

52 2383 145 2436 Oeten
152 2402 159 2447 ;
176 2390 236 2453 post
247 2386 327 2452 eliud,
340 2402 422 2453 quum
434 2386 545 2452 contigit
557 2386 631 2450 illud,
644 2401 750 2436 avemus
757 2403 765 2447 ;

52 2451 87 2507 111
100 2453 158 2505 sitis
170 2469 245 2522 aequa
255 2459 330 2506 tenet
341 2454 408 2506 vitei
421 2470 522 2521 semper
533 2454 650 2506 hiantes:

52 2521 212 2590 Posteruque
223 2523 252 2574 in
264 2521 344 2574 dubio
356 2527 404 2588 est,
415 2522 550 2574 fortunam
562 2539 642 2589 quam
653 2520 733 2574 vehat
746 2528 817 2588 aetas,

53 2589 156 2654 Quidve
168 2591 237 2643 feret
247 2590 322 2642 nobis
334 2608 416 2655 casus,
430 2591 508 2657 quive
519 2590 607 2641 exitus
619 2591 708 2642 instet.

86 2657 142 2710 Nec
153 2674 280 2727 prorsum,
292 2658 375 2710 vitam
388 2658 515 2713 ducendo.
528 2658 656 2712 demimus
668 2659 757 2712 hilum
822 2660 893 2710 rtet
921 2692 937 2789 1

824 1977 892 2026 1090
