1964 2970
94 112 149 164 200
407 112 435 166 Τ.
453 111 619 166 nucitum

96 213 172 277 Tum,
185 229 265 281 supro
275 217 374 264 terrem
385 230 444 280 queo
456 220 520 266 eunt
531 220 666 266 exstructa
678 213 825 281 domorum,

96 280 138 333 Ad
151 281 296 362 coelumque
307 281 392 362 mugio
404 290 501 350 quanto
513 288 575 334 runt
587 283 659 334 edite
670 299 792 350 queque,

96 350 229 402 Inclinato.
240 356 343 403 minent
354 367 383 402 in
395 351 505 403 eundem
516 352 621 419 proditu
632 359 751 419 partem3

96 418 291 486 Protrectaeque
303 419 388 472 trebes
401 420 554 488 impendent
566 420 604 471 ire
616 426 729 488 purete:

96 487 132 540 Et
143 495 266 540 metuunt
278 489 368 555 magni
379 494 502 541 naturum
514 489 617 540 credere
628 489 722 540 mundi

96 556 211 609 Exitiele
223 557 328 623 aliquod
340 563 444 625 tempue
455 557 608 625 clademque
618 574 732 623 manere,

96 625 185 689 Quum
197 626 304 677 videant
315 632 419 678 tentem
431 632 560 677 terrerum
571 625 722 678 incumbere
733 626 833 679 molem
843 627 854 679 t

96 693 170 757 Quod
182 694 233 745 niei
244 695 373 761 respirent
385 695 457 747 venti
470 712 522 746 non
535 695 590 746 ulla
601 695 715 746 refrenet

96 761 154 828 Res,
167 779 250 830 neque
261 761 295 814 eb
307 763 388 815 exitio
400 763 481 831 possit
491 763 680 832 reprehendere
692 769 799 816 euntes:

94 830 121 881 N
122 848 172 882 unc
184 832 248 899 quie
259 832 389 899 respirent
400 833 508 884 eltemis
520 833 600 899 inque
612 838 777 899 gravescunt,
883 835 932 886 570

95 899 131 952 Et
144 901 218 966 quusi
230 900 333 952 collecti
344 901 462 965 redeunt,
475 900 624 968 ceduntque
635 901 748 970 repulei;

95 967 196 1037 Saepiue
208 969 276 1021 hene
288 969 320 1021 ob
332 987 387 1021 rem
398 969 538 1020 minitatur
550 977 620 1022 terra
630 971 727 1036 ruines,

96 1037 181 1101 Quem
191 1038 270 1091 fecit:
287 1037 432 1091 inclinetur
443 1039 521 1104 enim,
533 1046 653 1106 retroque
665 1037 774 1106 recellit,

94 1105 130 1158 Et
141 1108 234 1174 recipit
245 1108 366 1176 prolepee
376 1124 435 1159 euos
447 1124 474 1158 se
486 1107 514 1158 in
527 1108 638 1174 pondere
650 1107 736 1159 redes:

94 1174 154 1227 Hac
165 1176 246 1243 igitur
257 1177 359 1228 ratione
370 1175 496 1228 vacillent
508 1176 596 1228 omniu
606 1182 685 1242 tecte,

94 1243 202 1297 Summe
213 1246 297 1312 mugio
308 1245 408 1311 mediis,
421 1245 507 1296 modin
518 1244 584 1310 imis,
597 1245 652 1296 ime
664 1245 802 1313 perhilum.

129 1314 177 1365 Est
189 1314 246 1366 haec
259 1314 375 1382 ejusdem
387 1331 489 1394 quoque
497 1315 588 1381 magni
600 1331 678 1366 ceum
689 1314 810 1366 tremoris

95 1381 195 1435 Ventus
207 1383 253 1434 ubi
266 1390 344 1451 atque
356 1400 451 1434 emmae
463 1381 549 1434 subito
561 1384 601 1434 vie
612 1384 729 1435 maxime
739 1354 869 1452 quintium,

94 1451 148 1504 Aut
161 1453 328 1518 extrinsecus,
341 1458 388 1504 eut
400 1452 456 1519 ipsa
468 1469 484 1503 e
496 1452 590 1503 tellure
602 1458 697 1518 coorta,

94 1519 126 1571 In
139 1521 195 1571 loca
207 1537 234 1572 se
246 1537 309 1572 cova
322 1524 401 1572 terrai
414 1521 531 1587 conjecit,
544 1521 632 1588 ibique
879 1523 930 1573 580

93 1589 235 1656 Speluncae
247 1589 316 1640 inter
327 1607 436 1656 magnae
448 1590 536 1641 fremit
548 1597 610 1641 ante
621 1589 748 1656 tumultu,

94 1657 314 1724 Versabunduque
327 1664 462 1725 portatum
480 1666 539 1726 post
551 1659 634 1710 incita
646 1676 729 1726 quum
741 1658 781 1711 vie

93 1726 236 1793 Exagitetu
248 1727 316 1777 forae
328 1727 480 1794 erumpitur,
493 1734 520 1779 et
532 1727 610 1778 simul
621 1728 704 1779 altem

93 1796 237 1848 Diffindens
249 1801 346 1847 terram
357 1812 482 1862 magnum
495 1796 634 1848 concinnet
645 1796 760 1849 hictum:

94 1866 126 1918 In
139 1865 214 1932 Syria
226 1864 321 1917 Sidone
334 1865 402 1932 quod
414 1865 517 1931 eccidit,
530 1873 557 1916 et
568 1865 622 1916 fuit
635 1865 708 1932 AEgie

93 1934 126 1986 In
139 1934 315 2002 Peloponneso
322 1953 329 1997 ;
342 1951 406 2001 quae
418 1934 504 1985 exitus
516 1934 559 1985 hio
571 1934 670 1985 enime‘i

92 2003 229 2055 Disturbit
241 2003 324 2067 urbes,
337 2009 364 2055 et
376 2008 451 2054 teirae
463 2009 550 2054 motus
562 2002 674 2054 obortus.

92 2072 230 2140 Multaque
243 2079 368 2139 praeterea
379 2072 529 2123 ceciderunt
541 2072 637 2123 moenie
649 2070 751 2138 magnii

92 2140 209 2193 Motibus
221 2141 249 2192 in
261 2140 337 2192 terris
344 2159 351 2202 ς
369 2147 396 2190 et
408 2140 498 2190 multae
509 2158 557 2208 per
569 2157 640 2192 mere
652 2155 755 2208 pessum

93 2210 234 2262 subsedere
247 2210 300 2261 ouis
313 2209 410 2277 paritor
423 2224 483 2259 cum
496 2208 597 2260 civibus
610 2209 693 2260 urbes.
878 2211 931 2261 590

93 2279 168 2343 Quod
180 2280 231 2330 nisi
243 2278 396 2346 prorumpit,
408 2283 496 2340 tumen
508 2278 623 2344 impetus
635 2279 690 2346 ipse
702 2276 801 2329 animai

92 2347 127 2399 Et
139 2350 195 2400 fere
206 2348 245 2399 vie
257 2347 331 2400 venti
342 2365 389 2416 per
400 2345 489 2398 crebre
501 2346 630 2398 ferumine
641 2354 718 2398 terrm

91 2416 258 2484 Dispertitur‚
270 2422 302 2467 ut
314 2418 411 2482 horror,
423 2420 450 2466 et
462 2415 559 2467 incutit
570 2415 632 2466 inde
644 2422 794 2467 tremorem:

92 2484 186 2551 Frigus
200 2485 245 2550 uti,
259 2491 358 2536 nostros
370 2485 476 2553 penitus
487 2501 570 2551 quum
582 2485 655 2535 venit
667 2485 695 2534 in
707 2489 787 2549 artus,

80 2554 206 2608 Concutit
216 2555 326 2626 invitos,
340 2572 437 2628 cogens
448 2559 561 2607 tremere
571 2558 652 2619 utuue
660 2569 773 2604 morere.

58 2624 192 2697 Ancrpi'tr'
202 2629 350 2702 trepident
361 2629 452 2704 igitur
464 2633 567 2682 terrore
578 2639 627 2693 pel
637 2621 734 2680 lubet,
