1928 2964
71 137 106 188 94
382 135 411 188 Τ.
429 136 597 189 LUCRE'I'II

72 237 135 306 Neo,
147 244 203 291 tam
215 244 346 292 contextae
359 256 442 307 quum
454 241 515 306 sint,
527 241 599 292 exire
611 241 737 294 videntur

72 307 221 361 Incolumes
233 327 314 378 posse,
327 315 354 361 et
366 309 451 361 salvas
463 309 596 362 exsolvere
608 327 663 362 sese

73 377 200 430 Omnibus
213 397 227 430 e
239 379 325 431 nervis
338 386 417 446 atque
429 378 528 430 ossibus
540 379 718 446 articulisque.

109 448 184 512 Quod
196 449 218 499 si
229 449 297 500 sorte
309 455 394 515 putas,
407 448 569 499 extrinsecus
581 449 743 500 insinuatam

73 515 229 569 Permanere
242 518 357 569 animam
368 516 443 568 nobis
455 534 501 585 per
512 517 629 568 membra
641 517 736 580 solere3

73 585 157 637 Tanto
169 603 279 653 quaeque
290 586 374 653 magis
387 603 448 637 cum
459 603 564 654 corpore
575 585 635 637 fusa
646 586 750 653 peribit.
861 587 911 638 700

74 654 148 717 Quod
161 660 298 722 permanat
310 655 388 721 enim,
400 655 564 706 dissolvitur:
583 654 675 707 interit
685 671 755 722 ergo.

73 723 218 790 Dispertita
230 741 290 790 ergo
302 741 349 791 per
360 724 449 776 caulas
461 723 573 791 corporis
585 740 681 789 omnes,

75 792 111 844 Ut
123 792 197 843 cibus
208 793 237 843 in
249 792 365 844 membra
376 799 457 860 atque
468 799 542 844 artus
554 809 635 859 quum
647 792 749 844 diditur
761 809 860 860 omnes,

73 859 198 929 Disperit‚
210 869 289 928 atque
302 862 381 913 aliam
393 868 517 913 naturam
529 861 625 912 sufficit
637 879 670 912 ex
682 879 724 925 se;

73 929 116 982 Sic
128 930 216 983 anima
228 937 307 998 atque
319 931 429 995 animus,
442 931 560 997 quamvis
572 930 675 997 integra
687 947 777 982 recens
788 931 817 981 in

73 998 172 1067 Corpus
184 1005 255 1066 eunt,
268 1007 356 1052 tamen
368 1000 397 1050 in
408 999 538 1051 manando
551 999 743 1060 dissoluuntur;

73 1067 152 1134 Dum,¹
165 1069 240 1137 quasi
251 1086 297 1137 per
309 1068 403 1135 caulas,
417 1085 505 1119 omnes
517 1068 645 1120 diduntur
656 1068 685 1118 in
697 1073 771 1120 artus

74 1137 222 1205 Partitulse,
235 1139 328 1206 quibus
339 1137 396 1189 haec
408 1137 490 1189 animi
502 1144 597 1188 natura
609 1142 719 1202 creatur,

75 1207 139 1270 Quae
150 1225 221 1260 nunc
233 1207 262 1259 in
273 1213 361 1259 nostro
373 1207 524 1258 dominatur
536 1223 648 1273 corpore,
660 1213 725 1258 nata

73 1276 116 1329 Ex
127 1277 182 1344 illa,
194 1295 252 1346 quae
264 1283 329 1329 tunc
340 1276 438 1346 peritat
449 1276 548 1344 partita
559 1293 606 1344 per
617 1280 696 1328 artus.
861 1277 911 1328 710

212 1421 265 1480 Die
276 1427 364 1480 natali
374 1427 494 1480 animm
504 1443 559 1478 noa
570 1442 619 1477 ease
625 1425 770 1495 privatam.

75 1543 239 1612 Quapropter
250 1563 335 1614 neque
347 1546 431 1599 natali
442 1547 546 1615 privata
558 1546 663 1597 videtur

74 1606 138 1664 Esse
150 1614 192 1665 die
204 1621 300 1668 natura
313 1617 415 1683 animae,
427 1633 511 1683 neque
523 1615 622 1666 funeris
635 1631 735 1681 expers.

109 1681 214 1735 Semina
225 1691 351 1751 praeterea
363 1685 528 1753 linquuntur,
540 1701 629 1750 necne,
642 1684 741 1735 animai

76 1750 186 1819 Corpore
198 1753 226 1803 in
239 1754 377 1806 exanimo?
408 1754 482 1818 Quod
495 1754 516 1805 si
528 1755 688 1819 linquuntur
700 1757 727 1803 et
740 1752 841 1820 insunt,

74 1820 155 1872 Haud
167 1823 224 1887 erit,
237 1831 268 1874 ut
280 1824 373 1875 merito
385 1823 539 1874 immortalis
552 1823 633 1890 possit
645 1821 750 1885 haberi;

74 1888 198 1941 Partibus
210 1893 311 1943 amissis
323 1893 446 1960 quoniam
458 1892 541 1943 libata
552 1891 665 1943 recessit.

74 1957 120 2010 Sin
132 1959 172 2010 ita
184 1960 289 2012 sinceris
301 1961 423 2012 membris
435 1960 524 2013 ablata
536 1960 661 2028 profugit,

74 2028 111 2081 Ut
123 2029 210 2080 nullas
222 2037 308 2096 partes
320 2030 349 2080 in
361 2047 466 2096 corpore
477 2030 584 2096 liquerit
596 2047 629 2081 ex
642 2047 683 2093 se;

74 2097 151 2150 Unde
163 2098 289 2150 cadavera
301 2099 420 2149 macenti
429 2101 486 2166 jam
499 2099 595 2150 viscere
608 2116 707 2151 vermes

73 2167 234 2236 Exspirenti
264 2173 344 2234 atque
357 2168 426 2218 unde
438 2169 604 2220 animantum
617 2169 691 2237 copia
703 2173 779 2220 tanta
796 2171 798 2179 “
861 2171 912 2222 720

73 2237 142 2290 Eros
155 2245 182 2290 et
194 2237 334 2303 exsanguis
348 2237 462 2288 tumidos
474 2238 632 2305 perfluctuat
644 2236 735 2290 artus?

108 2307 183 2370 Quod
196 2307 218 2358 si
229 2307 296 2358 forte
309 2306 410 2358 animas
422 2308 583 2358 extrinsecus
596 2307 725 2358 insinuari

76 2375 218 2441 Vermibus‚
232 2381 258 2427 et
271 2376 345 2443 priva
357 2376 379 2427 si
392 2376 420 2427 in
432 2393 538 2441 corpora
550 2393 623 2442 posse
637 2377 724 2428 venire

73 2444 174 2507 Credis3
192 2462 240 2496 nec
252 2451 366 2513 reputas,
379 2463 426 2497 cur
437 2445 521 2496 millia
532 2445 617 2497 multa
629 2446 776 2496 animarum

72 2513 241 2578 Conveniam,
254 2515 323 2567 unde
335 2532 389 2567 una
401 2515 546 2565 recesserit:
564 2513 613 2564 hoc
625 2520 715 2565 tamen
726 2518 773 2580 est,
786 2519 817 2566 ut

73 2582 246 2646 Quarendum
259 2584 380 2635 videatur
392 2590 418 2634 et
430 2584 459 2634 in
471 2583 610 2634 discrimen
622 2582 766 2648 agendum:

73 2651 167 2702 Utrum
183 2653 288 2703 tandem
302 2654 397 2703 animae
410 2663 538 2703 venentur
551 2652 649 2702 seruitia
662 2668 770 2722 quaeque
