1928 2964
84 147 117 201 76
388 148 416 200 Τ.
435 147 601 199 LUORETII

87 245 168 298 Hunc
180 246 263 313 igitur
275 250 399 297 terrorem
411 245 492 295 animi
505 245 681 311 tenebrasque,
693 261 800 298 necesse
812 254 853 299 est

84 314 143 366 Non
155 316 223 367 radii
236 315 303 380 solis,
316 331 400 382 neque
412 314 501 365 lucida
514 314 567 365 tela
580 314 631 364 diei

83 384 244 450 Discutiunt,
258 384 302 434 sed
315 389 416 434 naturae
430 383 534 449 species,
547 383 672 450 ratioque.

233 499 274 551 De
285 498 375 551 animi
386 507 408 550 et
420 486 518 550 animer
529 507 628 550 antara
640 494 771 568 remaque.

118 592 237 644 Primum
249 591 368 643 animum
381 590 445 656 dico,
458 596 574 641 mentem
591 606 670 658 quem
684 608 752 658 saepe
764 609 901 656 vocamus,

54 697 58 701 -
84 660 180 729 Inque
193 661 330 712 consilium
343 660 405 711 vitae
417 659 584 726 regimenque
596 660 711 711 locatum
724 667 771 726 est,
838 690 844 698 ·

11 780 20 793 ,
43 742 46 749 ’
82 728 146 783 Esse
158 730 271 781 hominis
283 734 385 796 partem
397 728 480 779 nihilo
492 728 587 792 minus,
599 745 735 798 numanus
747 736 775 781 et
787 747 834 799 pes

83 799 171 866 Atque
183 798 252 850 oculi
265 804 352 866 partes
365 797 507 848 animantis
520 798 602 848 totius
615 804 728 853 exstant.

23 894 35 935 χ
84 866 209 930 Quamvis
220 867 306 918 multa
319 866 424 933 quidem
436 866 585 933 sapientum
597 865 674 918 turba
686 871 826 934 putarunt,

51 944 56 950 '
84 934 195 988 Sensum
207 936 289 988 animi
301 941 373 987 certa
384 951 437 986 non
450 952 504 986 essa
516 935 544 986 in
556 941 630 1004 parte
642 936 776 1000 l'oeatum3

27 999 31 1015 ¹
84 1005 184 1057 Verum
195 1005 317 1057 habitum
330 1003 461 1071 quendam
474 1005 582 1056 vitalem
595 1006 708 1073 corporis
720 1023 782 1072 asso,
873 1009 925 1058 100

11 1073 25 1093 “
84 1074 257 1127 Harmoniam
269 1073 341 1126 Graii
353 1073 432 1140 quain
445 1075 544 1139 dieunt,
557 1075 626 1142 quod
638 1075 719 1126 faciat
731 1092 778 1127 nos
837 1097 839 1101 ·
891 1138 892 1142 Ἰ

11 1151 45 1218 Γ
84 1145 179 1197 Vivere
191 1161 250 1196 oum
263 1161 347 1209 sensu,
359 1142 435 1194 nulla
447 1160 531 1210 quum
542 1143 571 1194 in
583 1151 658 1210 parte
670 1143 719 1210 siet
731 1161 822 1196 mens:

83 1215 121 1267 Ut
132 1214 201 1266 bona
213 1230 281 1281 saepe
294 1212 418 1266 valetudo
430 1229 511 1279 quum
525 1212 623 1264 dicitur
634 1229 688 1264 esse
897 1256 901 1264 ,

84 1283 209 1351 Corporis,
222 1290 249 1334 et
260 1299 313 1334 non
325 1288 364 1334 est
378 1287 466 1333 tamen
478 1281 534 1332 haec
547 1299 607 1349 pars
620 1282 675 1333 ulla
686 1281 819 1345 valentis;
844 1339 846 1347 ,
943 1322 945 1332 .

11 1352 37 1407 Ῑί.
84 1353 127 1406 Sic
139 1352 221 1404 animi
233 1369 337 1432 sensum
349 1368 402 1434 non
415 1357 486 1430 certa
498 1358 573 1430 parte
584 1356 732 1430 reponunt:

43 1456 76 1511 ’ἢ
84 1419 801 1558 Mtttuttttttttttttttftttttta,
812 1505 923 1557 saun

84 1558 175 1620 Quum
187 1564 276 1610 tamen
288 1574 321 1608 ex
333 1557 386 1610 alia
398 1557 520 1609 letamur
531 1563 606 1626 parto
617 1557 730 1622 latenti;

82 1627 118 1679 Et
131 1632 199 1679 retro
211 1626 249 1691 fit,
262 1626 303 1677 uti
316 1632 406 1678 contm
419 1626 453 1678 sit
466 1643 534 1695 saepe
545 1627 668 1692 vicissim,

83 1696 172 1760 Quum
184 1694 262 1745 miser
274 1712 307 1747 ex
319 1696 407 1747 animo
419 1695 527 1747 laetatur
539 1713 644 1764 corporo
655 1700 729 1760 tot03
873 1697 926 1747 110

82 1764 144 1817 Non
155 1763 206 1815 alio
219 1769 303 1831 pacto,
315 1781 395 1832 quam
407 1765 436 1832 si,
449 1781 494 1832 pes
501 1767 589 1832 'quum
601 1765 672 1817 dolet
684 1765 753 1833 aegri,

82 1834 116 1886 In
127 1833 201 1885 nullo
213 1839 293 1901 caput
305 1834 407 1886 interea
419 1835 453 1885 sit
465 1834 533 1886 forte
546 1835 640 1899 dolore.¹

116 1903 247 1955 Praeterea
258 1903 332 1954 molli
345 1921 433 1955 somno
446 1921 528 1971 quum
540 1904 630 1955 dedita
641 1903 766 1970 membra,

82 1971 252 2038 Effusumque
260 1973 332 2039 jacet
344 1973 402 2024 sine
412 1989 489 2024 sensu
502 1990 595 2040 corpus
607 1979 746 2024 onustum:

81 2042 129 2093 Est
141 2040 213 2094 aliud
225 2041 354 2092 tamenin
366 2041 447 2107 nobis,
460 2042 529 2109 quod
541 2049 657 2110 tempore
669 2042 698 2093 in
709 2042 756 2094 illo

82 2109 246 2163 Multimodis
258 2110 381 2176 agitatur,
395 2116 421 2162 et
433 2128 521 2162 omnes
534 2111 630 2179 accipit
642 2111 671 2162 in
683 2127 710 2162 so

48 2217 51 2227 -
82 2180 195 2233 Laetitiae
207 2183 293 2230 motus
306 2196 336 2230 ao
349 2196 424 2231 ouras
437 2180 520 2232 cordis
532 2180 630 2232 inanes.

115 2250 142 2302 N
144 2266 193 2302 uno
205 2247 320 2300 animam
332 2265 433 2316 quoque
446 2253 476 2300 ut
488 2250 516 2300 in
528 2250 651 2302 membris
664 2265 818 2316 cognoscere
830 2250 914 2320 possis

81 2319 151 2385 Esse,
164 2335 247 2386 neque
259 2318 422 2370 harmoniam
435 2334 527 2386 eorpus
539 2318 651 2370 retinere
664 2319 762 2382 soler03

82 2388 214 2455 Principio
226 2388 264 2453 fit,
276 2387 324 2453 uti,
338 2387 454 2439 detracto
467 2404 571 2455 corpore
581 2387 672 2452 multo,
876 2391 908 2440 12

81 2456 154 2524 Saepe
167 2463 254 2509 tumen
266 2456 340 2508 nobis
351 2456 380 2508 iu
392 2454 513 2508 membris
525 2457 581 2508 vita
592 2463 708 2509 moretm
720 2474 727 2519 ;

81 2527 118 2577 At
136 2543 169 2577 ue
181 2525 272 2577 eadem
283 2543 380 2593 rursus,
394 2542 475 2593 quum
488 2542 593 2594 corpora
606 2543 690 2593 pauca
702 2525 796 2577 caloris

81 2543 222 2660 Diiugere,
234 2594 354 2662 forasque
366 2612 412 2663 per
424 2611 451 2646 os
464 2601 502 2645 est
515 2594 600 2646 editus
612 2597 664 2659 aer,

68 2662 180 2714 Deserit
191 2663 326 2734 extempio
340 2681 426 2732 renas,
439 2669 519 2733 atque
531 2680 587 2715 ossa
598 2663 742 2730 relinquit;

114 2894 143 2922 A
