1928 2964
40 134 77 187 96
354 129 385 185 'P
403 130 570 184 Lucnnrss

43 236 99 288 Nec
111 241 167 288 tem
178 234 239 285 doct
228 239 271 285 tus
283 250 355 301 equse
368 234 464 314 pullus,
476 251 565 314 quam
567 233 642 284 fortis
654 232 717 301 equi
728 231 769 284 vis
777 230 802 285 “i
866 225 870 231 ’

45 305 73 357 si
85 322 137 356 non
150 310 221 355 certe
233 320 279 354 suo
292 303 353 371 quia
365 303 462 354 semine
475 303 634 369 seminioque

46 373 93 425 Vis
105 373 186 426 animi
199 372 297 439 pariter
309 372 400 423 crescit
412 389 472 423 cum
484 388 589 438 corpore
602 387 710 438 quoque.

46 442 171 495 Scilicet'
141 447 192 493 tm
204 448 293 492 tenero
305 447 465 492 tenerascere
477 457 583 507 corpore
594 456 654 490 men
656 446 710 491 tem

47 511 221 577 Confugient3
240 509 309 576 quod
323 510 409 577 sijum
421 509 458 575 fit,
471 509 570 560 fateare
581 525 685 560 necesse
697 513 745 575 est,

47 579 186 631 Mortalem
198 595 252 629 esse
264 578 385 643 animam,
399 578 522 645 quonism
534 583 636 628 mutata
649 595 696 645 per
707 584 784 629 artus

48 648 193 714 Tentopere
205 646 305 698 amittit
317 647 400 698 vitam
412 663 567 714 sensumque
579 645 698 713 priorem.

83 716 172 779 Quove
183 715 259 766 modo
272 716 368 782 poterit
380 716 478 782 pariter
490 733 549 767 cum
561 732 666 783 corpore
678 732 783 784 quoque
836 714 885 768 770

49 785 207 837 Confirmata
219 784 339 850 cupitum
352 785 437 835 aetatis
449 789 557 850 tangere
568 784 658 835 florem

49 854 97 905 Vis
109 853 197 918 animi,
209 852 260 903 nisi
273 853 322 904 erit
335 870 436 904 consors
448 853 476 904 in
490 853 589 920 origiue
601 852 704 920 prima?

51 922 152 986 Quidve
164 922 232 972 foras
245 920 294 972 sibi
305 921 363 973 vult
375 922 497 973 membris
510 923 581 974 exire
593 920 721 974 senectisi

50 992 93 1042 An
105 991 201 1042 metuit
213 989 334 1042 concluse
345 1008 450 1041 manere
462 991 490 1041 in
503 1008 608 1059 corpore
619 989 709 1058 putri?

51 1060 86 1112 Et
99 1061 189 1111 domus
202 1059 288 1111 aetatis
300 1059 384 1126 spatio
396 1077 430 1111 ne
442 1060 510 1111 fessa
522 1065 625 1113 vetusto

53 1128 169 1182 Obruat?
200 1128 236 1180 At
248 1145 300 1179 non
313 1134 374 1179 sunt
383 1130 440 1195 jam
452 1128 594 1181 immortali
605 1128 661 1180 ulla
673 1127 779 1195 pericle.

88 1199 207 1278 Denique
219 1197 349 1250 connubia
361 1197 394 1248 ad
408 1197 515 1249 Veneris
527 1205 669 1277 partusque
680 1197 799 1249 ferarum

54 1268 117 1320 Esse
129 1267 230 1319 animes
242 1273 342 1335 praesto,
356 1267 530 1318 deridiculum
542 1283 596 1318 esse
608 1266 727 1318 videtur·
720 1305 727 1330 ‚

54 1336 213 1404 Exspectare
224 1336 383 1388 immortales
395 1330 516 1387 mortalia
528 1335 644 1387 membra

55 1405 196 1457 Innumero
208 1423 323 1471 numero,
336 1411 486 1485 certareque
499 1409 693 1485 praeproperant
694 1421 723 1456 er
841 1402 891 1455 780

56 1475 129 1526 Inter
142 1490 175 1532 se,
188 1491 246 1541 quae
259 1474 344 1541 prima
356 1474 540 1541 potissimaque
552 1474 714 1525 insinuetur:

57 1542 85 1595 si
96 1560 149 1594 non
161 1542 228 1593 forte
241 1542 279 1593 ita
292 1548 353 1594 sunt
365 1543 512 1593 animarum
523 1543 621 1594 foedera
633 1548 718 1609 pecte,

57 1612 101 1676 Ut,
114 1628 173 1678 quae
185 1611 270 1678 prima
282 1611 372 1662 volans
384 1612 526 1675 advenerit,
538 1611 687 1662 insinuetur

58 1679 153 1744 Prima,
167 1696 250 1746 neque
263 1680 332 1731 inter
344 1697 370 1731 se
382 1681 543 1732 contendant
555 1679 654 1731 viribus
666 1679 758 1732 hilum.

93 1747 211 1816 Denique
224 1748 252 1799 in
264 1749 360 1800 aethere
372 1766 425 1800 non
437 1749 518 1815 arbor,
531 1766 585 1800 non
598 1765 700 1815 aequore
712 1749 742 1800 in
753 1748 809 1801 ulto

58 1817 147 1868 Nubes
159 1835 213 1868 esse
226 1826 334 1885 queunt,
346 1836 394 1870 nec
407 1819 489 1886 pisces
502 1819 588 1869 vivere
601 1818 629 1869 in
641 1817 717 1884 ervis,

59 1887 114 1938 Nec
126 1903 201 1938 cruor
213 1888 242 1938 in
254 1888 339 1954 lignis,
352 1905 400 1938 nee
413 1888 483 1938 saxis
496 1904 587 1939 succus
600 1887 689 1939 inesse.

60 1956 166 2007 Certum
178 1974 209 2007 ac
222 1929 375 2077 ditspositbm
388 1963 433 2020 est,
446 1955 491 2007 ubi
504 1956 658 2036 quidquid·
644 1959 743 2007 crescat
755 1959 782 2007 ct
794 1953 873 2006 insit.

61 2024 103 2077 Sic
115 2026 197 2077 animi
210 2032 305 2077 natura
317 2026 410 2091 nequit
423 2026 478 2076 sine
491 2042 594 2093 corpore
607 2024 668 2075 oriri

61 2093 121 2146 Sola
122 2111 225 2161 ,neque
237 2112 253 2145 a
265 2095 351 2144 nervis
364 2101 391 2144 et
404 2095 530 2160 sanguine
542 2094 660 2174 longius·
658 2110 720 2144 esse.
849 2093 898 2145 790

62 2135 169 2226 Quod'
150 2181 171 2214 s1
184 2163 264 2230 possit
276 2162 353 2226 enim,
366 2162 450 2214 multo
463 2164 535 2243 prius
546 2163 605 2230 ipsa
617 2162 699 2214 animi
712 2161 752 2214 vis

63 2231 96 2282 In
109 2232 201 2300 capite,
214 2237 261 2283 aut
273 2203 396 2296 humeris,
409 2234 474 2282 ant'
468 2233 527 2283 rmis
540 2231 655 2283 calcibus
667 2248 722 2282 esse

63 2300 159 2368 Posset,
173 2308 200 2353 et
211 2299 312 2352 innasci
326 2300 417 2367 quavis
430 2301 458 2351 in
470 2307 530 2369 part
532 2319 546 2353 e
520 2301 659 2368 t,soleret

299 2415 309 2440 ⁴¹
323 2418 348 2456 In
359 2418 405 2457 MS.
415 2418 473 2456 locus
483 2419 520 2456 iste
530 2420 559 2456 its
569 2419 653 2469 legitur,

174 2475 243 2513 Stulta
252 2479 315 2524 quest
324 2474 375 2521 neri,
386 2486 422 2512 nec
433 2474 522 2522 prudens
532 2474 559 2510 sit
569 2487 620 2523 puer
630 2474 698 2520 ullus,

175 2531 196 2567 Si
207 2543 247 2568 non
257 2535 313 2568 certa
322 2541 359 2568 suc
369 2529 419 2578 quis
428 2529 507 2566 semina
517 2529 655 2578 seminioque:

175 2584 195 2623 N
197 2598 219 2623 ec
230 2591 272 2623 tam
283 2586 354 2624 doctus
365 2597 421 2635 equa
431 2581 529 2636 [pullus],
537 2597 600 2633 quam
610 2585 667 2622 rortis
676 2584 724 2633 equi
733 2583 772 2623 vis.
