1964 2970
151 136 203 185 140
461 132 489 187 Τ.
507 133 674 187 evermu

151 232 268 286 Tandem
279 233 325 284 ubi
337 250 364 285 se
375 233 463 301 erupit
475 234 561 287 nervis
574 236 692 302 conjecta
703 231 807 302 cupido,

152 301 237 355 Parva
248 303 279 354 fit
291 302 388 354 ardoris
401 302 510 356 violenti
521 320 603 371 pausa
615 320 769 371 parumper;

152 371 218 422 inde
229 371 298 423 redit
309 370 393 423 rabies
405 373 503 437 eadem,
515 380 542 423 et
554 372 627 423 furor
638 371 683 423 ille
695 371 793 436 revisit,

152 439 239 503 Quum
251 440 307 506 sibi,
320 440 388 508 qued
400 441 510 508 cupiant
521 441 579 509 ipsi,
592 440 742 507 contingere
753 445 891 508 quanmt3

152 508 207 560 Nee
218 509 331 576 reperire
341 509 441 561 malum
452 510 481 560 id
492 516 600 578 possunt
630 526 672 560 uae
683 508 806 560 maehina
818 509 923 562 vineat:

152 576 240 644 Usque
252 576 316 629 adeo
327 577 421 629 incerti
433 578 570 630 tabescunt
647 594 689 640 ere
701 594 776 629 caeco.

186 645 261 696 Adde
273 647 342 713 qued
353 646 495 699 absumunt
506 647 581 713 vires,
613 652 756 712 ereuntque
767 643 855 698 labore
865 664 874 710 ;

153 713 228 765 Adde
241 715 309 782 qued
321 715 429 767 alterius
442 716 488 767 sub
501 722 570 766 nutu
600 715 687 782 egitur
699 720 769 767 aas.

152 781 263 834 Labitur
274 783 375 835 interea
386 801 433 851 res,
445 791 473 836 et
485 784 634 836 vadimonia
644 783 728 846 fiunt;

153 850 292 918 Languent
304 853 395 918 officia,
408 859 487 921 atque
499 858 609 920 aegrotat
621 852 693 904 fama
704 851 831 904 vacillans
841 870 848 915 3
921 854 982 903 11¹

153 918 296 987 Unguenta
308 927 335 973 et
346 921 462 990 pulchra
468 922 497 972 in
509 921 619 990 pedibus
631 920 752 988 Sicyonia
763 920 852 973 rident

154 986 274 1053 Scilicet;
287 995 314 1041 et
326 991 438 1058 grandes
450 991 528 1043 viridi
541 1007 601 1042 cum
613 990 672 1041 luce
684 989 816 1056 smaragdi

154 1055 224 1109 Auro
236 1058 416 1119 includuntur,
428 1059 575 1125 teriturque
587 1058 732 1110 thalassina
743 1058 823 1110 vestis

154 1126 272 1194 Assidue,
284 1133 311 1179 et
323 1127 431 1180 Veneris
443 1128 562 1180 sudorem
574 1127 689 1179 exercita
701 1132 790 1195 petat3

154 1193 190 1246 Et
201 1195 266 1248 bene
278 1202 355 1264 parta
366 1202 472 1266 patrum
483 1197 551 1248 fiunt
563 1196 727 1262 anademata,
739 1196 838 1248 mitrae:

155 1262 292 1316 Interdum
304 1266 332 1317 in
344 1266 442 1334 pallam
455 1271 533 1333 atque
545 1265 687 1331 Alidensia,
700 1263 815 1332 Ohiaqne
827 1269 944 1317 vertunt.

154 1331 260 1386 Eximit
272 1340 344 1387 veste
356 1341 382 1386 et
394 1336 469 1387 victu
480 1335 607 1400 convivia,
620 1334 683 1400 ludi,

156 1400 254 1454 Pocula
266 1404 363 1471 erebra,
375 1410 519 1471 unguenta,
532 1420 639 1469 coronae,
653 1407 722 1454 serta
733 1407 862 1470 parantur
869 1421 877 1465 ;

155 1469 354 1538 Nequidquam:
367 1474 490 1541 quoniam
501 1472 587 1523 medio
599 1472 632 1523 de
643 1472 717 1522 fonte
728 1471 847 1538 leporum

156 1538 247 1606 Surgit
259 1541 341 1592 amari
353 1541 460 1609 aliquid,
473 1542 543 1608 quod
555 1541 584 1591 in
594 1541 659 1608 ipsis
670 1539 776 1591 floribus
789 1543 885 1606 angat:
924 1541 974 1592 113

156 1607 212 1659 Aut
224 1625 306 1675 quum
318 1610 435 1662 conscius
447 1611 503 1678 ipse
515 1610 618 1662 animus
631 1626 658 1660 se
669 1608 737 1660 forte
748 1608 888 1676 remordet,

156 1674 289 1728 Desidiose
301 1695 377 1744 agere
390 1685 503 1746 aetatem,
514 1679 655 1745 lustrisque
667 1678 765 1745 perire;

157 1743 212 1796 Aut
225 1746 294 1811 quod
306 1747 334 1797 in
346 1748 468 1814 ambiguo
480 1747 589 1800 verbum
597 1746 715 1814 jaculata
726 1745 841 1812 reliquit,

158 1813 232 1876 Quod
244 1815 339 1882 cupido
351 1817 461 1868 affixum
473 1816 543 1868 cordi
555 1815 672 1882 vivescit,
684 1821 715 1866 ut
727 1815 796 1881 ignis
802 1832 810 1878 ;

157 1882 213 1933 Aut
224 1883 336 1935 nimium
344 1889 446 1953 jactare
457 1885 551 1950 oeulos,
564 1885 679 1937 aliumve
691 1884 760 1934 tueri

158 1950 231 2013 Quod
244 1957 329 2019 putat,
341 1954 370 2004 in
382 1954 509 2020 vultuque
522 1953 594 2006 videt
606 1953 720 2019 vestigia
731 1952 805 2004 risus.

192 2020 279 2089 Atque
291 2021 319 2072 in
331 2039 417 2073 amore
428 2022 499 2074 mala
511 2022 566 2073 haec
578 2021 683 2090 proprio
695 2037 847 2087 summeque
858 2036 941 2073 secun

158 2087 347 2153 Inveniuntur3
364 2091 393 2141 in
405 2089 511 2142 adverso
523 2108 583 2143 vero
595 2096 676 2158 atque
687 2089 758 2157 inopi
771 2094 842 2156 sunt,

158 2156 288 2210 Prendere
301 2176 360 2227 quae
372 2159 460 2227 pessis,
472 2159 607 2210 oculorum
619 2159 718 2211 lumine
730 2164 827 2229 aperto,

159 2226 377 2280 Innumerabilia:
395 2234 427 2279 ut
438 2227 532 2278 melius
544 2228 653 2295 vigilare
665 2228 706 2292 sit,
718 2232 781 2278 ante

160 2294 217 2357 Qua
229 2296 305 2348 docui
316 2297 424 2362 ratione,
437 2313 587 2364 cavereque,
599 2313 632 2347 ne
645 2296 770 2348 illiciaris.

159 2363 228 2415 Nam
240 2365 330 2431 vitare,
343 2367 434 2433 plagas
445 2366 474 2416 in
486 2366 580 2417 amoris
592 2382 625 2415 ne
634 2365 771 2430 jaeiamur,

160 2430 220 2482 Non
231 2432 270 2484 ita
282 2434 387 2486 difficile
399 2440 446 2500 est,
460 2432 538 2500 quiam
550 2439 658 2500 captum
670 2432 769 2484 retibus
780 2430 845 2499 ipsis

158 2499 246 2563 Exire,
259 2508 286 2553 et
298 2503 397 2555 validos
410 2502 518 2554 Veneris
530 2518 696 2569 perrumpere
708 2500 795 2553 nodos.

181 2567 221 2620 m
233 2575 324 2625 tamen
337 2572 486 2644 implicitus
500 2588 605 2642 quoque
616 2570 698 2638 pessis
706 2569 786 2634 inque
796 2567 904 2633 peditus

127 2633 264 2707 Effugere
274 2643 423 2718 infestum,
437 2645 492 2701 nisi
504 2650 565 2700 tute
579 2640 633 2696 tibi
643 2637 738 2692 obvius
750 2634 847 2697 etates,
