1928 2964
72 154 123 204 148
383 147 411 200 Τ.
429 147 596 201 nuenarii

70 251 134 315 Quae
148 268 224 320 supra
236 254 315 319 eaput
327 250 441 302 aetheriis
453 257 594 302 cernuntur
605 250 634 301 in
646 249 697 302 oris
703 268 712 314 3

71 320 171 372 Rursus
183 321 211 371 in
223 321 345 387 antiquas
357 320 508 371 referuntur
519 319 666 386 religiones,

71 389 107 441 Et
119 390 235 441 dominos
248 406 319 440 aeres
330 388 487 453 adsciscunt,
500 389 587 440 omnia
599 405 673 456 posse

72 459 140 522 Quos
152 459 239 510 miseri
251 457 370 523 credunt,
382 458 468 523 ignari
480 457 544 524 quid
556 463 636 524 queat
648 473 711 522 esse,

14 522 18 528 ’
72 527 142 591 Quid
153 533 282 594 nequeat;
300 527 376 577 finita
387 534 501 594 potestas
514 525 626 592 denique
638 525 734 592 cuique
877 524 909 576 90

72 596 191 659 Quanam
204 597 237 646 sit
249 595 358 661 ratione,
370 604 450 662 atque
462 595 515 646 alte
527 595 655 645 terminus
668 594 778 645 haerens.

107 664 181 728 Quod
194 670 317 731 superest,
329 681 362 716 ne
374 670 401 714 te
413 663 442 715 in
453 663 585 731 promissis
596 663 674 731 plura
686 679 825 730 moremur,

269 782 345 836 Mure
356 782 454 849 eoelum,
467 791 544 850 terra,
557 782 710 836 interitura.

72 866 204 936 Principio
216 869 299 920 maria
311 884 342 919 ao
354 873 437 918 terras
449 866 594 934 coelumque
606 873 693 919 tuere:

72 937 192 998 Quorum
204 945 327 988 naturam
339 936 475 1016 triplicem,
488 935 540 986 tria
551 952 665 1003 corpora,
678 934 800 1005 Memmi,

72 1006 134 1058 Tres
147 1005 243 1074 speeies
255 1012 311 1057 tam
323 1003 467 1069 diss1miles,
480 1004 531 1055 tria
543 1003 608 1055 talia
620 1011 703 1071 texta,

72 1075 133 1126 Una
144 1075 199 1126 dies
211 1074 285 1125 debit
296 1074 384 1139 exitio,
396 1073 545 1140 multosque
556 1090 603 1140 per
614 1089 697 1126 annos

73 1143 233 1210 Sustentata,
245 1148 304 1194 ruet
316 1141 397 1194 moles
409 1148 436 1193 et
447 1142 571 1194 maehina
582 1142 683 1195 mundi.

107 1213 163 1264 Neo
173 1229 215 1263 me
227 1211 309 1264 animi
320 1210 398 1275 fallit,
410 1227 490 1277 quam
501 1227 542 1262 res
554 1227 622 1263 nova
632 1215 752 1279 miraque
763 1212 850 1265 menti

72 1281 189 1347 Aeeidet,
202 1281 315 1332 exitium
326 1278 385 1331 coeli
396 1285 522 1346 terraque
534 1278 654 1330 futurum
660 1298 668 1342 ;

72 1348 108 1401 Et
121 1366 200 1416 quam
212 1349 317 1401 difficile
328 1348 356 1399 id
368 1348 433 1399 mihi
445 1349 479 1398 sit
491 1348 641 1415 pervincere
653 1348 744 1402 dietis:
863 1351 911 1402 100

73 1417 110 1469 Ut
122 1418 160 1483 fit,
173 1417 218 1469 ubi
230 1418 363 1470 insolitam
374 1434 429 1468 rem
441 1422 562 1484 apportes
573 1416 681 1468 auribus
693 1423 764 1487 ante,
887 1438 890 1443 ·

72 1486 99 1537 N
99 1503 128 1538 eo
141 1493 229 1538 tamen
240 1486 308 1537 hanc
320 1486 401 1553 possis
413 1485 547 1536 oculorum
559 1485 669 1536 subdere
680 1487 748 1555 visu,

73 1554 128 1606 Neo
137 1556 224 1622 jacere
235 1553 301 1605 indu
312 1571 413 1620 manus,
426 1554 470 1606 via
481 1570 533 1621 qua
544 1555 648 1606 munita
660 1553 722 1607 fidei

74 1623 197 1674 Proxima
209 1622 260 1673 fert
272 1622 418 1673 humanum
429 1623 458 1673 in
471 1629 561 1691 peetus
573 1623 724 1742 templaque
736 1625 843 1679 mentis.

73 1691 124 1744 Sed
136 1696 225 1742 tamen
237 1689 345 1741 effabor:
364 1691 441 1742 dietis
454 1690 526 1742 dabit
538 1691 596 1759 ipsa
607 1692 624 1741 fi
644 1709 685 1743 em
696 1709 738 1746 res

73 1760 201 1824 Forsitan,
214 1765 240 1810 et
253 1758 367 1826 graviter
379 1767 507 1811 terrarum
519 1760 631 1811 motibus
643 1759 711 1813 orbis
788 1825 791 1829 Ι

75 1829 169 1881 Omnia
181 1828 347 1895 conquassari
359 1829 387 1879 in
400 1846 480 1896 parvo
493 1835 609 1896 tempore
621 1846 710 1881 cernes
717 1849 724 1894 ;

75 1897 150 1961 Quod
162 1898 252 1965 procul
265 1897 366 1949 anobis
378 1897 467 1949 flectat
478 1897 585 1948 fortuna
597 1898 762 1965 gubernans;

74 1966 110 2018 Et
122 1967 189 2018 ratio
201 1966 295 2034 potius,
309 1984 388 2031 quam
399 1984 439 2018 res
451 1967 606 2034 persuadeat
618 1966 682 2035 ipsa,

75 2035 212 2087 Succidere
225 2035 356 2086 horrisono
368 2052 441 2101 posse
454 2036 542 2086 omnia
553 2036 624 2086 victa
635 2036 744 2103 fragore.
865 2041 913 2091 110

111 2104 169 2167 Qua
180 2104 252 2172 prius
265 2103 401 2169 aggrediar
412 2120 491 2171 quam
504 2104 536 2155 de
548 2122 576 2156 re
588 2105 697 2156 fundere
709 2106 767 2159 fata

76 2171 204 2239 Sanctius,
216 2179 243 2223 et
255 2172 338 2222 multo
350 2178 421 2223 certa
432 2173 533 2224 ratione
544 2174 635 2240 magis,
648 2191 727 2242 quam
820 2202 823 2207 ·

75 2240 180 2308 Pythia,
193 2259 251 2309 quae
264 2240 363 2308 tripode
375 2257 389 2291 e
402 2241 493 2293 Phoebi
505 2243 630 2308 lauroque
642 2242 777 2309 profatur;

75 2310 164 2362 Multa
176 2311 226 2362 tibi
238 2310 375 2378 expediam
388 2310 470 2361 doctis
483 2311 575 2363 solatia
587 2311 678 2375 dictis;

77 2379 212 2446 Religione
223 2380 369 2431 refrenatus
381 2396 414 2430 ne
426 2380 493 2431 forte
504 2380 591 2445 rearis,

76 2447 174 2512 Terras,
187 2454 213 2499 et
226 2449 311 2511 solem,
324 2448 424 2513 coelum,
438 2465 515 2514 mare,
529 2449 620 2514 sidera,
632 2447 724 2501 lunam

77 2516 186 2582 Corpore
199 2516 288 2568 divino
300 2516 391 2568 debere
404 2523 502 2568 aeterna
513 2534 632 2579 manere;

76 2583 267 2650 Proptereaque
278 2591 354 2651 putes
365 2585 420 2636 ritu
432 2601 479 2652 par
490 2601 544 2635 esse
556 2585 703 2652 gigantum,

71 2651 193 2704 Pendere
205 2669 247 2704 eos
257 2670 348 2722 poenas
360 2653 469 2704 immani
480 2669 527 2720 pro
539 2654 634 2705 scelere
646 2671 741 2721 omnes,
