1964 2970
96 156 146 205 162
409 152 437 204 Τ.
454 151 622 204 LUORETII

97 253 171 316 Quod
183 253 268 305 facere
280 251 353 304 haud
365 252 421 304 ulla
432 258 519 320 posset
531 255 639 320 ratione,
652 253 704 304 nisi
716 259 786 306 esset

96 322 220 374 Partibus
233 321 311 373 aeriis
323 321 417 372 mundi
429 322 544 389 coeloque
557 324 687 374 revincta:

96 392 122 442 N
123 408 165 442 am
178 389 358 442 communibus
369 389 439 441 inter
451 407 478 441 se
490 391 621 441 radicibus
633 391 742 456 haerent,

82 464 85 468 ’
97 459 139 511 Ex
151 461 260 510 ineunte
273 475 328 510 aero
340 460 488 525 conjuncta,
501 465 581 525 atque
594 460 680 511 uniter
691 465 777 512 aucta.

132 529 226 580 Nonne
238 527 310 579 rides
323 527 410 592 etiam,
423 542 502 594 quam
513 544 609 594 magno
621 529 735 595 pondere
746 528 823 580 nobis

97 597 232 649 Sustineat
244 612 337 662 corpus
349 596 503 646 tenuissima
515 597 554 647 ris
566 596 680 659 animai;

98 666 238 733 Propterea
251 665 314 730 quia
326 670 382 715 tam
393 667 540 731 conjuncta,
553 670 632 730 atque
643 665 733 716 uniter
744 672 808 734 apta
820 666 880 719 estl

97 733 226 800 Denique,
235 734 292 799 jam
304 733 374 784 saltu
386 733 486 800 pernici
498 732 589 784 tollere
600 751 692 800 corpus
886 738 936 788 560

99 802 165 862 Quis
177 803 245 869 potis
258 807 303 867 cst,
317 801 368 852 nisi
380 802 419 853 ris
432 802 532 868 animae,
544 819 604 869 quae
616 802 733 854 membra
744 802 893 870 gubernati

98 872 195 924 Jamue
208 870 286 936 vides,
300 876 429 937 quantum
441 871 527 922 tenuis
539 876 635 922 natura
647 871 733 923 valere

99 940 192 1006 Possit,
204 939 249 990 ubi
262 944 301 991 est
314 940 454 1005 conjuncta
465 939 539 1005 gravi
551 955 611 990 cum
624 956 735 1008 corpore,
747 946 780 992 ut
792 942 840 994 aiir

100 1009 258 1075 Conjunctus
270 1007 353 1074 terris,
365 1013 393 1058 et
404 1007 478 1058 nobis
490 1013 529 1058 est
541 1008 623 1059 animi
635 1008 691 1061 viel

359 1122 399 1175 De
411 1122 474 1175 solis
485 1123 676 1192 maqnitudim.

135 1208 190 1260 Nec
202 1207 283 1260 nimio
295 1207 355 1259 solis
367 1209 450 1274 major
460 1213 525 1274 rota,
538 1224 586 1260 nec
597 1208 683 1259 minor
695 1208 772 1260 ardor

100 1277 164 1329 Esse
176 1283 268 1345 potest,
280 1276 375 1328 nostris
388 1293 468 1343 quam
480 1277 596 1328 sensibus
609 1294 663 1328 esse
675 1277 787 1330 videtur.

101 1347 170 1398 Nam
182 1345 277 1414 quibus
289 1362 303 1396 a
316 1345 407 1411 spatiis
419 1361 529 1412 cumque
541 1345 615 1411 ignes
627 1345 728 1397 lumina
739 1352 851 1412 possunt

101 1415 220 1480 Allicere,
233 1420 260 1465 et
271 1414 387 1466 calidum
398 1414 520 1464 membris
532 1414 619 1465 afflare
631 1431 760 1481 vaporem,

101 1484 147 1535 Nil
159 1484 252 1534 missus
264 1482 409 1534 intervallis
421 1482 453 1533 de
465 1498 570 1549 corpore
581 1482 696 1534 librante

103 1552 288 1616 Flammarum,
300 1551 368 1601 nihil
380 1551 415 1602 ad
427 1551 539 1618 speciem
550 1557 590 1602 est
602 1551 759 1603 contractior
770 1550 849 1618 ignis.
890 1554 941 1605 570

102 1621 222 1685 Proinde,
235 1620 305 1671 calor
316 1620 441 1687 quoniam
453 1619 513 1670 solis
525 1619 667 1687 lumenque
697 1620 816 1671 rofusurn

103 1688 264 1740 Perveniunt
276 1696 378 1740 nostros
390 1689 424 1739 ad
436 1705 532 1754 sensus,
545 1696 572 1739 ct
584 1688 641 1739 loca
652 1637 770 1755 algent:

104 1757 198 1809 Forma
210 1773 312 1824 quoque
324 1757 385 1808 binc
398 1756 458 1808 solis
470 1756 547 1808 debet
559 1757 685 1822 filumque
697 1757 788 1824 rideri,

104 1826 150 1878 Nil
162 1825 227 1877 adeo
237 1833 269 1877 ut
281 1825 363 1893 possis
374 1825 433 1893 plus
446 1825 592 1877 autminus
604 1825 699 1877 addere
711 1842 780 1878 vera.

140 1895 274 1961 Lunaque,
286 1894 340 1946 sire
352 1895 435 1945 notho
446 1894 531 1945 fertur
542 1894 599 1946 loca
611 1894 711 1945 lumine
722 1893 848 1961 lustrans,

105 1963 165 2016 Sive
178 1979 251 2014 suam
263 1963 366 2030 proprio
374 1965 460 2029 jactat
472 1962 505 2013 de
517 1979 621 2029 corpore
633 1962 733 2024 lucem;

107 2030 241 2099 Quidquid
252 2031 280 2081 id
292 2037 338 2095 est,
350 2031 434 2082 nihilo
446 2031 529 2082 fertur
540 2033 637 2097 majore
649 2031 741 2097 figura,

107 2102 191 2165 Quam
204 2100 298 2150 nostris
311 2099 399 2165 oculis,
412 2116 464 2166 qua
476 2100 614 2165 cernimus,
626 2116 681 2150 esse
693 2099 804 2151 ridetur.

106 2171 132 2221 N
133 2188 176 2222 am
188 2169 260 2237 prius
272 2168 366 2233 omnia,
379 2184 437 2234 quae
450 2167 526 2234 longe
539 2175 637 2219 semota
648 2173 752 2218 tuemur

107 2239 177 2291 Aera
189 2255 235 2306 per
247 2236 368 2301 multum,
381 2236 465 2303 specie
478 2236 587 2288 confusa
598 2237 729 2301 videntur,
895 2240 945 2290 580

108 2308 192 2370 Quam
204 2305 290 2356 minui
301 2305 389 2355 filum:
408 2311 567 2372 quapropter
578 2305 643 2356 luna
655 2321 757 2355 necesse
769 2307 817 2370 est,

109 2374 325 2441 Quandoquidem
334 2373 431 2425 claram
444 2374 554 2440 speciem
567 2379 715 2438 certamque
727 2371 843 2438 figuram

109 2443 219 2508 Praebet,
231 2449 262 2493 ut
275 2449 314 2493 est
327 2443 376 2493 oris
389 2442 513 2493 extremis
525 2458 625 2508 quoquc
637 2447 736 2506 notata,

110 2512 266 2579 Quantaque
279 2517 378 2580 quanta
390 2517 436 2576 est,
448 2510 510 2561 hinc
522 2509 595 2560 nobis
607 2510 728 2561 videatur
739 2509 769 2559 in
780 2508 857 2566 alto'.

155 2626 259 2677 ‘Nilqus
270 2627 313 2667 nisi
324 2640 350 2667 er
361 2625 495 2671 interuallis3
508 2624 558 2662 bib.

150 2673 160 2701 ¹
166 2684 265 2733 Quando
276 2698 366 2738 quoque
376 2687 424 2725 brec
434 2685 484 2723 tuat
491 2681 541 2719 binc
552 2677 614 2716 uobis
622 2672 813 2716 uideatur'mrbtux
820 2673 876 2710 me,
