<?xml version="1.0" encoding="UTF-8"?>
<!DOCTYPE html PUBLIC "-//W3C//DTD XHTML 1.0 Transitional//EN"
    "http://www.w3.org/TR/xhtml1/DTD/xhtml1-transitional.dtd">
<html xmlns="http://www.w3.org/1999/xhtml" xml:lang="en" lang="en">
 <head>
  <title>
</title>
<meta http-equiv="Content-Type" content="text/html;charset=utf-8" />
  <meta name='ocr-system' content='tesseract 3.04.00' />
  <meta name='ocr-capabilities' content='ocr_page ocr_carea ocr_par ocr_line ocrx_word'/>
</head>
<body>
  <div class='ocr_page' id='page_1' title='image "./tlucretiicaride03carugoog_0186.png"; bbox 0 0 1928 2964; ppageno 0'>
   <div class='ocr_carea' id='block_1_1' title="bbox 343 112 904 178">
    <p class='ocr_par' dir='ltr' id='par_1_1' title="bbox 343 112 904 178">
     <span class='ocr_line' id='line_1_1' title="bbox 343 112 904 178; baseline -0.007 -11"><span class='ocrx_word' id='word_1_1' title='bbox 343 115 452 167; x_wconf 75' lang='lat' dir='ltr'><strong>LIBER</strong></span> <span class='ocrx_word' id='word_1_2' title='bbox 470 113 631 178; x_wconf 74' lang='lat' dir='ltr'>QUINTUS.</span> <span class='ocrx_word' id='word_1_3' title='bbox 854 112 904 163; x_wconf 72' lang='lat'>15³</span> 
     </span>
    </p>
   </div>
   <div class='ocr_carea' id='block_1_2' title="bbox 59 214 900 764">
    <p class='ocr_par' dir='ltr' id='par_1_2' title="bbox 61 214 721 282">
     <span class='ocr_line' id='line_1_2' title="bbox 61 214 721 282; baseline -0.008 -12"><span class='ocrx_word' id='word_1_4' title='bbox 61 216 180 270; x_wconf 84' lang='lat' dir='ltr'>Pulveris</span> <span class='ocrx_word' id='word_1_5' title='bbox 193 215 301 268; x_wconf 83' lang='lat' dir='ltr'>exhalat</span> <span class='ocrx_word' id='word_1_6' title='bbox 312 215 437 267; x_wconf 77' lang='lat' dir='ltr'>nebulam</span> <span class='ocrx_word' id='word_1_7' title='bbox 448 214 583 282; x_wconf 83' lang='lat' dir='ltr'>nubesque</span> <span class='ocrx_word' id='word_1_8' title='bbox 594 214 721 280; x_wconf 73' lang='lat' dir='ltr'><strong>volantes,</strong></span> 
     </span>
    </p>

    <p class='ocr_par' dir='ltr' id='par_1_3' title="bbox 61 285 637 352">
     <span class='ocr_line' id='line_1_3' title="bbox 61 285 637 352; baseline -0.007 -14"><span class='ocrx_word' id='word_1_9' title='bbox 61 285 132 350; x_wconf 81' lang='lat' dir='ltr'>Quas</span> <span class='ocrx_word' id='word_1_10' title='bbox 144 285 227 338; x_wconf 80' lang='lat' dir='ltr'>validi</span> <span class='ocrx_word' id='word_1_11' title='bbox 239 291 295 336; x_wconf 82' lang='lat' dir='ltr'>tete</span> <span class='ocrx_word' id='word_1_12' title='bbox 307 285 463 352; x_wconf 83' lang='lat' dir='ltr'>dispergunt</span> <span class='ocrx_word' id='word_1_13' title='bbox 476 286 537 335; x_wconf 72' lang='lat' dir='ltr'>aere</span> <span class='ocrx_word' id='word_1_14' title='bbox 550 285 637 335; x_wconf 81' lang='lat' dir='ltr'>venti:</span> 
     </span>
    </p>

    <p class='ocr_par' dir='ltr' id='par_1_4' title="bbox 60 352 703 420">
     <span class='ocr_line' id='line_1_4' title="bbox 60 352 703 420; baseline -0.005 -14"><span class='ocrx_word' id='word_1_15' title='bbox 60 352 124 406; x_wconf 87' lang='lat' dir='ltr'>Pars</span> <span class='ocrx_word' id='word_1_16' title='bbox 136 354 219 406; x_wconf 81' lang='lat' dir='ltr'>etium</span> <span class='ocrx_word' id='word_1_17' title='bbox 230 353 367 420; x_wconf 78' lang='lat' dir='ltr'>glebarum</span> <span class='ocrx_word' id='word_1_18' title='bbox 378 353 412 404; x_wconf 85' lang='lat' dir='ltr'>ad</span> <span class='ocrx_word' id='word_1_19' title='bbox 425 352 551 404; x_wconf 77' lang='lat' dir='ltr'>diluviem</span> <span class='ocrx_word' id='word_1_20' title='bbox 563 357 703 404; x_wconf 85' lang='lat' dir='ltr'>revocatur</span> 
     </span>
    </p>

    <p class='ocr_par' dir='ltr' id='par_1_5' title="bbox 60 421 690 488">
     <span class='ocr_line' id='line_1_5' title="bbox 60 421 690 488; baseline -0.003 -14"><span class='ocrx_word' id='word_1_21' title='bbox 60 421 200 488; x_wconf 81' lang='lat' dir='ltr'>Imbribus,</span> <span class='ocrx_word' id='word_1_22' title='bbox 213 430 240 474; x_wconf 91' lang='lat' dir='ltr'>et</span> <span class='ocrx_word' id='word_1_23' title='bbox 251 423 321 488; x_wconf 81' lang='lat' dir='ltr'>ripas</span> <span class='ocrx_word' id='word_1_24' title='bbox 333 421 453 473; x_wconf 78' lang='lat' dir='ltr'>radentia</span> <span class='ocrx_word' id='word_1_25' title='bbox 465 421 574 472; x_wconf 82' lang='lat' dir='ltr'>fiumina</span> <span class='ocrx_word' id='word_1_26' title='bbox 585 421 690 472; x_wconf 88' lang='lat' dir='ltr'>rodunt.</span> 
     </span>
    </p>

    <p class='ocr_par' dir='ltr' id='par_1_6' title="bbox 59 489 900 764">
     <span class='ocr_line' id='line_1_6' title="bbox 61 489 773 558; baseline -0.003 -16"><span class='ocrx_word' id='word_1_27' title='bbox 61 489 200 557; x_wconf 67' lang='lat' dir='ltr'>Preeterea</span> <span class='ocrx_word' id='word_1_28' title='bbox 212 507 259 557; x_wconf 87' lang='lat' dir='ltr'>pro</span> <span class='ocrx_word' id='word_1_29' title='bbox 270 497 346 558; x_wconf 89' lang='lat' dir='ltr'>parte</span> <span class='ocrx_word' id='word_1_30' title='bbox 358 508 412 555; x_wconf 84' lang='lat' dir='ltr'>sua,</span> <span class='ocrx_word' id='word_1_31' title='bbox 426 489 606 557; x_wconf 87' lang='lat' dir='ltr'>quodcumque</span> <span class='ocrx_word' id='word_1_32' title='bbox 618 489 672 541; x_wconf 84' lang='lat' dir='ltr'>alid</span> <span class='ocrx_word' id='word_1_33' title='bbox 685 493 773 556; x_wconf 81' lang='lat' dir='ltr'>auget,</span> 
     </span>
     <span class='ocr_line' id='line_1_7' title="bbox 60 558 747 626; baseline -0.006 -14"><span class='ocrx_word' id='word_1_34' title='bbox 60 559 186 612; x_wconf 82' lang='lat' dir='ltr'>Reditur:</span> <span class='ocrx_word' id='word_1_35' title='bbox 205 567 232 611; x_wconf 93' lang='lat' dir='ltr'>et</span> <span class='ocrx_word' id='word_1_36' title='bbox 244 559 369 626; x_wconf 85' lang='lat' dir='ltr'>quoniam</span> <span class='ocrx_word' id='word_1_37' title='bbox 380 558 460 610; x_wconf 89' lang='lat' dir='ltr'>dubio</span> <span class='ocrx_word' id='word_1_38' title='bbox 473 558 563 626; x_wconf 77' lang='lat' dir='ltr'>procul</span> <span class='ocrx_word' id='word_1_39' title='bbox 575 575 631 610; x_wconf 88' lang='lat' dir='ltr'>esse</span> <span class='ocrx_word' id='word_1_40' title='bbox 642 558 747 610; x_wconf 82' lang='lat' dir='ltr'>ridetur</span> 
     </span>
     <span class='ocr_line' id='line_1_8' title="bbox 61 626 900 695; baseline -0.002 -15"><span class='ocrx_word' id='word_1_41' title='bbox 61 628 235 695; x_wconf 85' lang='lat' dir='ltr'>Omniparens</span> <span class='ocrx_word' id='word_1_42' title='bbox 246 627 337 679; x_wconf 82' lang='lat' dir='ltr'>eadem</span> <span class='ocrx_word' id='word_1_43' title='bbox 349 645 437 679; x_wconf 91' lang='lat' dir='ltr'>rerum</span> <span class='ocrx_word' id='word_1_44' title='bbox 449 644 585 678; x_wconf 88' lang='lat' dir='ltr'>commune</span> <span class='ocrx_word' id='word_1_45' title='bbox 598 626 762 694; x_wconf 71' lang='lat' dir='ltr'>sepulerum</span> <span class='ocrx_word' id='word_1_46' title='bbox 848 629 900 678; x_wconf 76' lang='lat'>260</span> 
     </span>
     <span class='ocr_line' id='line_1_9' title="bbox 59 695 660 764; baseline -0.005 -14"><span class='ocrx_word' id='word_1_47' title='bbox 59 695 129 764; x_wconf 83' lang='lat' dir='ltr'>Ergo</span> <span class='ocrx_word' id='word_1_48' title='bbox 142 703 212 749; x_wconf 86' lang='lat' dir='ltr'>terra</span> <span class='ocrx_word' id='word_1_49' title='bbox 223 696 274 748; x_wconf 91' lang='lat' dir='ltr'>tibi</span> <span class='ocrx_word' id='word_1_50' title='bbox 284 696 391 762; x_wconf 81' lang='lat' dir='ltr'>libatur,</span> <span class='ocrx_word' id='word_1_51' title='bbox 404 702 430 748; x_wconf 88' lang='lat' dir='ltr'>et</span> <span class='ocrx_word' id='word_1_52' title='bbox 442 701 520 748; x_wconf 80' lang='lat' dir='ltr'>aucta</span> <span class='ocrx_word' id='word_1_53' title='bbox 530 697 660 748; x_wconf 84' lang='lat' dir='ltr'>reereseit.</span> 
     </span>
    </p>
   </div>
   <div class='ocr_carea' id='block_1_3' title="bbox 418 816 547 886">
    <p class='ocr_par' dir='ltr' id='par_1_7' title="bbox 418 816 547 886">
     <span class='ocr_line' id='line_1_10' title="bbox 418 816 547 886; baseline 0.016 -18"><span class='ocrx_word' id='word_1_54' title='bbox 418 816 458 869; x_wconf 85' lang='lat' dir='ltr'>De</span> <span class='ocrx_word' id='word_1_55' title='bbox 470 835 547 886; x_wconf 77' lang='lat' dir='ltr'>aqua.</span> 
     </span>
    </p>
   </div>
   <div class='ocr_carea' id='block_1_4' title="bbox 56 901 900 2278">
    <p class='ocr_par' dir='ltr' id='par_1_8' title="bbox 57 901 900 1726">
     <span class='ocr_line' id='line_1_11' title="bbox 95 901 826 968; baseline 0.001 -15"><span class='ocrx_word' id='word_1_56' title='bbox 95 901 170 965; x_wconf 81' lang='lat' dir='ltr'>Quod</span> <span class='ocrx_word' id='word_1_57' title='bbox 183 906 307 968; x_wconf 79' lang='lat' dir='ltr'>superest,</span> <span class='ocrx_word' id='word_1_58' title='bbox 319 901 429 952; x_wconf 89' lang='lat' dir='ltr'>humore</span> <span class='ocrx_word' id='word_1_59' title='bbox 440 918 507 953; x_wconf 78' lang='lat' dir='ltr'>novo</span> <span class='ocrx_word' id='word_1_60' title='bbox 519 919 598 967; x_wconf 82' lang='lat' dir='ltr'>mare,</span> <span class='ocrx_word' id='word_1_61' title='bbox 609 901 727 968; x_wconf 80' lang='lat' dir='ltr'>flumina,</span> <span class='ocrx_word' id='word_1_62' title='bbox 740 902 826 954; x_wconf 85' lang='lat' dir='ltr'>fontes</span> 
     </span>
     <span class='ocr_line' id='line_1_12' title="bbox 59 969 727 1038; baseline -0.001 -15"><span class='ocrx_word' id='word_1_63' title='bbox 59 969 168 1038; x_wconf 78' lang='lat' dir='ltr'>Semper</span> <span class='ocrx_word' id='word_1_64' title='bbox 179 969 320 1034; x_wconf 87' lang='lat' dir='ltr'>abundare,</span> <span class='ocrx_word' id='word_1_65' title='bbox 333 976 360 1021; x_wconf 88' lang='lat' dir='ltr'>et</span> <span class='ocrx_word' id='word_1_66' title='bbox 372 970 464 1021; x_wconf 81' lang='lat' dir='ltr'>latices</span> <span class='ocrx_word' id='word_1_67' title='bbox 475 987 582 1022; x_wconf 85' lang='lat' dir='ltr'>manare</span> <span class='ocrx_word' id='word_1_68' title='bbox 594 987 727 1038; x_wconf 84' lang='lat' dir='ltr'>perennes,</span> 
     </span>
     <span class='ocr_line' id='line_1_13' title="bbox 58 1038 754 1107; baseline 0.001 -17"><span class='ocrx_word' id='word_1_69' title='bbox 58 1039 84 1090; x_wconf 85' lang='lat' dir='ltr'>N</span> <span class='ocrx_word' id='word_1_70' title='bbox 85 1038 105 1089; x_wconf 95' lang='lat' dir='ltr'>il</span> <span class='ocrx_word' id='word_1_71' title='bbox 118 1056 183 1107; x_wconf 89' lang='lat' dir='ltr'>opus</span> <span class='ocrx_word' id='word_1_72' title='bbox 195 1044 235 1090; x_wconf 91' lang='lat' dir='ltr'>est</span> <span class='ocrx_word' id='word_1_73' title='bbox 247 1038 347 1102; x_wconf 56' lang='lat' dir='ltr'>verbi„</span> <span class='ocrx_word' id='word_1_74' title='bbox 364 1056 477 1104; x_wconf 86' lang='lat' dir='ltr'>magnus</span> <span class='ocrx_word' id='word_1_75' title='bbox 489 1039 613 1090; x_wconf 84' lang='lat' dir='ltr'>decursus</span> <span class='ocrx_word' id='word_1_76' title='bbox 625 1057 754 1106; x_wconf 85' lang='lat' dir='ltr'>aquarum</span> 
     </span>
     <span class='ocr_line' id='line_1_14' title="bbox 58 1107 756 1176; baseline 0.003 -18"><span class='ocrx_word' id='word_1_77' title='bbox 58 1107 183 1174; x_wconf 86' lang='lat' dir='ltr'>Undique</span> <span class='ocrx_word' id='word_1_78' title='bbox 196 1107 326 1160; x_wconf 80' lang='lat' dir='ltr'>declarat:</span> <span class='ocrx_word' id='word_1_79' title='bbox 344 1108 389 1159; x_wconf 86' lang='lat' dir='ltr'>sed</span> <span class='ocrx_word' id='word_1_80' title='bbox 401 1107 523 1174; x_wconf 85' lang='lat' dir='ltr'>primum,</span> <span class='ocrx_word' id='word_1_81' title='bbox 536 1108 664 1175; x_wconf 90' lang='lat' dir='ltr'>quidquid</span> <span class='ocrx_word' id='word_1_82' title='bbox 675 1110 756 1176; x_wconf 85' lang='lat' dir='ltr'>aquai</span> 
     </span>
     <span class='ocr_line' id='line_1_15' title="bbox 58 1176 805 1244; baseline 0.001 -16"><span class='ocrx_word' id='word_1_83' title='bbox 58 1176 179 1242; x_wconf 68' lang='lat' dir='ltr'>Tollitur,</span> <span class='ocrx_word' id='word_1_84' title='bbox 189 1177 218 1227; x_wconf 89' lang='lat' dir='ltr'>in</span> <span class='ocrx_word' id='word_1_85' title='bbox 230 1193 384 1244; x_wconf 86' lang='lat' dir='ltr'>summaque</span> <span class='ocrx_word' id='word_1_86' title='bbox 394 1176 433 1242; x_wconf 90' lang='lat' dir='ltr'>fit,</span> <span class='ocrx_word' id='word_1_87' title='bbox 445 1184 476 1227; x_wconf 90' lang='lat' dir='ltr'>ut</span> <span class='ocrx_word' id='word_1_88' title='bbox 488 1177 556 1227; x_wconf 91' lang='lat' dir='ltr'>nihil</span> <span class='ocrx_word' id='word_1_89' title='bbox 568 1177 662 1229; x_wconf 89' lang='lat' dir='ltr'>humor</span> <span class='ocrx_word' id='word_1_90' title='bbox 673 1177 805 1241; x_wconf 88' lang='lat' dir='ltr'>abuudet;</span> 
     </span>
     <span class='ocr_line' id='line_1_16' title="bbox 58 1243 682 1312; baseline 0 -16"><span class='ocrx_word' id='word_1_91' title='bbox 58 1243 161 1297; x_wconf 86' lang='lat' dir='ltr'>Partim</span> <span class='ocrx_word' id='word_1_92' title='bbox 173 1245 243 1312; x_wconf 90' lang='lat' dir='ltr'>quod</span> <span class='ocrx_word' id='word_1_93' title='bbox 255 1245 337 1297; x_wconf 82' lang='lat' dir='ltr'>validi</span> <span class='ocrx_word' id='word_1_94' title='bbox 349 1251 481 1298; x_wconf 79' lang='lat' dir='ltr'>verrentes</span> <span class='ocrx_word' id='word_1_95' title='bbox 494 1262 597 1312; x_wconf 80' lang='lat' dir='ltr'>aequora</span> <span class='ocrx_word' id='word_1_96' title='bbox 609 1247 682 1298; x_wconf 82' lang='lat' dir='ltr'>venti</span> 
     </span>
     <span class='ocr_line' id='line_1_17' title="bbox 57 1312 710 1381; baseline 0.003 -17"><span class='ocrx_word' id='word_1_97' title='bbox 57 1312 234 1379; x_wconf 88' lang='lat' dir='ltr'>Deminuunt,</span> <span class='ocrx_word' id='word_1_98' title='bbox 245 1314 378 1381; x_wconf 82' lang='lat' dir='ltr'>radiisque</span> <span class='ocrx_word' id='word_1_99' title='bbox 389 1320 509 1365; x_wconf 83' lang='lat' dir='ltr'>retexens</span> <span class='ocrx_word' id='word_1_100' title='bbox 522 1315 646 1366; x_wconf 85' lang='lat' dir='ltr'>aetherius</span> <span class='ocrx_word' id='word_1_101' title='bbox 659 1315 710 1377; x_wconf 85' lang='lat' dir='ltr'>sol;</span> 
     </span>
     <span class='ocr_line' id='line_1_18' title="bbox 57 1381 728 1451; baseline 0.004 -18"><span class='ocrx_word' id='word_1_102' title='bbox 57 1381 169 1449; x_wconf 77' lang='lat' dir='ltr'>Partim,</span> <span class='ocrx_word' id='word_1_103' title='bbox 181 1383 251 1450; x_wconf 92' lang='lat' dir='ltr'>quod</span> <span class='ocrx_word' id='word_1_104' title='bbox 263 1383 354 1435; x_wconf 78' lang='lat' dir='ltr'>subter</span> <span class='ocrx_word' id='word_1_105' title='bbox 364 1400 412 1451; x_wconf 90' lang='lat' dir='ltr'>per</span> <span class='ocrx_word' id='word_1_106' title='bbox 423 1389 504 1435; x_wconf 85' lang='lat' dir='ltr'>terras</span> <span class='ocrx_word' id='word_1_107' title='bbox 517 1383 619 1435; x_wconf 89' lang='lat' dir='ltr'>diditur</span> <span class='ocrx_word' id='word_1_108' title='bbox 631 1399 728 1436; x_wconf 87' lang='lat' dir='ltr'>omnes.</span> 
     </span>
     <span class='ocr_line' id='line_1_19' title="bbox 57 1450 900 1519; baseline 0.002 -17"><span class='ocrx_word' id='word_1_109' title='bbox 57 1450 212 1503; x_wconf 87' lang='lat' dir='ltr'>Pereolatur</span> <span class='ocrx_word' id='word_1_110' title='bbox 223 1451 294 1503; x_wconf 89' lang='lat' dir='ltr'>enim</span> <span class='ocrx_word' id='word_1_111' title='bbox 304 1452 384 1517; x_wconf 81' lang='lat' dir='ltr'>virus,</span> <span class='ocrx_word' id='word_1_112' title='bbox 395 1459 515 1519; x_wconf 81' lang='lat' dir='ltr'>retroque</span> <span class='ocrx_word' id='word_1_113' title='bbox 526 1457 645 1504; x_wconf 85' lang='lat' dir='ltr'>remanat</span> <span class='ocrx_word' id='word_1_114' title='bbox 848 1453 900 1507; x_wconf 76' lang='lat'>270</span> 
     </span>
     <span class='ocr_line' id='line_1_20' title="bbox 57 1519 728 1588; baseline 0.003 -17"><span class='ocrx_word' id='word_1_115' title='bbox 57 1519 184 1572; x_wconf 78' lang='lat' dir='ltr'>Materies</span> <span class='ocrx_word' id='word_1_116' title='bbox 195 1520 319 1585; x_wconf 83' lang='lat' dir='ltr'>humoris,</span> <span class='ocrx_word' id='word_1_117' title='bbox 332 1526 359 1572; x_wconf 89' lang='lat' dir='ltr'>et</span> <span class='ocrx_word' id='word_1_118' title='bbox 371 1520 405 1572; x_wconf 89' lang='lat' dir='ltr'>ad</span> <span class='ocrx_word' id='word_1_119' title='bbox 417 1528 498 1588; x_wconf 82' lang='lat' dir='ltr'>eaput</span> <span class='ocrx_word' id='word_1_120' title='bbox 510 1520 632 1573; x_wconf 90' lang='lat' dir='ltr'>amnibus</span> <span class='ocrx_word' id='word_1_121' title='bbox 644 1521 728 1573; x_wconf 90' lang='lat' dir='ltr'>omnis</span> 
     </span>
     <span class='ocr_line' id='line_1_21' title="bbox 58 1588 746 1657; baseline 0.003 -17"><span class='ocrx_word' id='word_1_122' title='bbox 58 1588 202 1651; x_wconf 81' lang='lat' dir='ltr'>Convenit;</span> <span class='ocrx_word' id='word_1_123' title='bbox 219 1589 281 1640; x_wconf 91' lang='lat' dir='ltr'>inde</span> <span class='ocrx_word' id='word_1_124' title='bbox 293 1607 371 1656; x_wconf 91' lang='lat' dir='ltr'>super</span> <span class='ocrx_word' id='word_1_125' title='bbox 383 1595 465 1640; x_wconf 84' lang='lat' dir='ltr'>terras</span> <span class='ocrx_word' id='word_1_126' title='bbox 477 1589 537 1641; x_wconf 86' lang='lat' dir='ltr'>finit</span> <span class='ocrx_word' id='word_1_127' title='bbox 548 1589 654 1656; x_wconf 77' lang='lat' dir='ltr'>agmine</span> <span class='ocrx_word' id='word_1_128' title='bbox 666 1589 746 1657; x_wconf 85' lang='lat' dir='ltr'>dulci,</span> 
     </span>
     <span class='ocr_line' id='line_1_22' title="bbox 59 1657 750 1726; baseline 0.004 -16"><span class='ocrx_word' id='word_1_129' title='bbox 59 1657 120 1718; x_wconf 86' lang='lat' dir='ltr'>Qua</span> <span class='ocrx_word' id='word_1_130' title='bbox 132 1658 175 1710; x_wconf 80' lang='lat' dir='ltr'>via</span> <span class='ocrx_word' id='word_1_131' title='bbox 187 1664 258 1710; x_wconf 84' lang='lat' dir='ltr'>secta</span> <span class='ocrx_word' id='word_1_132' title='bbox 270 1658 350 1710; x_wconf 85' lang='lat' dir='ltr'>semel</span> <span class='ocrx_word' id='word_1_133' title='bbox 361 1657 464 1725; x_wconf 86' lang='lat' dir='ltr'>liquido</span> <span class='ocrx_word' id='word_1_134' title='bbox 473 1659 539 1726; x_wconf 92' lang='lat' dir='ltr'>pede</span> <span class='ocrx_word' id='word_1_135' title='bbox 551 1659 648 1710; x_wconf 90' lang='lat' dir='ltr'>detulit</span> <span class='ocrx_word' id='word_1_136' title='bbox 659 1659 750 1713; x_wconf 86' lang='lat' dir='ltr'>undas.</span> 
     </span>
    </p>

    <p class='ocr_par' dir='ltr' id='par_1_9' title="bbox 338 1781 623 1835">
     <span class='ocr_line' id='line_1_23' title="bbox 338 1781 623 1835; baseline 0 -1"><span class='ocrx_word' id='word_1_137' title='bbox 338 1781 378 1834; x_wconf 86' lang='lat' dir='ltr'>De</span> <span class='ocrx_word' id='word_1_138' title='bbox 389 1783 449 1834; x_wconf 64' lang='lat' dir='ltr'>aire</span> <span class='ocrx_word' id='word_1_139' title='bbox 460 1782 512 1835; x_wconf 76' lang='lat' dir='ltr'>aive</span> <span class='ocrx_word' id='word_1_140' title='bbox 523 1782 623 1835; x_wconf 75' lang='lat' dir='ltr'>anim.</span> 
     </span>
    </p>

    <p class='ocr_par' dir='ltr' id='par_1_10' title="bbox 56 1867 784 2278">
     <span class='ocr_line' id='line_1_24' title="bbox 93 1867 690 1936; baseline -0.002 -16"><span class='ocrx_word' id='word_1_141' title='bbox 93 1867 164 1920; x_wconf 73' lang='lat' dir='ltr'>Adra</span> <span class='ocrx_word' id='word_1_142' title='bbox 175 1884 246 1919; x_wconf 86' lang='lat' dir='ltr'>nune</span> <span class='ocrx_word' id='word_1_143' title='bbox 258 1867 342 1934; x_wconf 87' lang='lat' dir='ltr'>igitur</span> <span class='ocrx_word' id='word_1_144' title='bbox 353 1867 447 1933; x_wconf 81' lang='lat' dir='ltr'>dicam,</span> <span class='ocrx_word' id='word_1_145' title='bbox 459 1868 505 1935; x_wconf 90' lang='lat' dir='ltr'>qui</span> <span class='ocrx_word' id='word_1_146' title='bbox 517 1885 622 1936; x_wconf 84' lang='lat' dir='ltr'>corpore</span> <span class='ocrx_word' id='word_1_147' title='bbox 634 1872 690 1920; x_wconf 86' lang='lat' dir='ltr'>toto</span> 
     </span>
     <span class='ocr_line' id='line_1_25' title="bbox 58 1935 663 2003; baseline 0.003 -16"><span class='ocrx_word' id='word_1_148' title='bbox 58 1935 291 1988; x_wconf 88' lang='lat' dir='ltr'>Innumerabiliter</span> <span class='ocrx_word' id='word_1_149' title='bbox 302 1936 389 2003; x_wconf 86' lang='lat' dir='ltr'>privas</span> <span class='ocrx_word' id='word_1_150' title='bbox 401 1944 520 1988; x_wconf 87' lang='lat' dir='ltr'>mutatur</span> <span class='ocrx_word' id='word_1_151' title='bbox 532 1937 561 1987; x_wconf 92' lang='lat' dir='ltr'>in</span> <span class='ocrx_word' id='word_1_152' title='bbox 573 1936 663 1989; x_wconf 88' lang='lat' dir='ltr'>horas:</span> 
     </span>
     <span class='ocr_line' id='line_1_26' title="bbox 56 2004 784 2072; baseline -0.001 -15"><span class='ocrx_word' id='word_1_153' title='bbox 56 2004 166 2071; x_wconf 80' lang='lat' dir='ltr'>Semper</span> <span class='ocrx_word' id='word_1_154' title='bbox 177 2005 247 2056; x_wconf 89' lang='lat' dir='ltr'>enim</span> <span class='ocrx_word' id='word_1_155' title='bbox 259 2005 442 2072; x_wconf 81' lang='lat' dir='ltr'>quodcumque</span> <span class='ocrx_word' id='word_1_156' title='bbox 454 2006 514 2057; x_wconf 90' lang='lat' dir='ltr'>fluit</span> <span class='ocrx_word' id='word_1_157' title='bbox 526 2005 655 2072; x_wconf 89' lang='lat' dir='ltr'>derebus,</span> <span class='ocrx_word' id='word_1_158' title='bbox 668 2004 696 2056; x_wconf 92' lang='lat' dir='ltr'>id</span> <span class='ocrx_word' id='word_1_159' title='bbox 708 2021 784 2056; x_wconf 88' lang='lat' dir='ltr'>omne</span> 
     </span>
     <span class='ocr_line' id='line_1_27' title="bbox 56 2072 741 2142; baseline 0 -16"><span class='ocrx_word' id='word_1_160' title='bbox 56 2072 135 2126; x_wconf 75' lang='lat' dir='ltr'>Aeris</span> <span class='ocrx_word' id='word_1_161' title='bbox 146 2073 176 2125; x_wconf 90' lang='lat' dir='ltr'>in</span> <span class='ocrx_word' id='word_1_162' title='bbox 187 2090 314 2140; x_wconf 81' lang='lat' dir='ltr'>maguum</span> <span class='ocrx_word' id='word_1_163' title='bbox 326 2073 411 2125; x_wconf 86' lang='lat' dir='ltr'>fertur</span> <span class='ocrx_word' id='word_1_164' title='bbox 422 2092 508 2137; x_wconf 88' lang='lat' dir='ltr'>mare;</span> <span class='ocrx_word' id='word_1_165' title='bbox 527 2075 574 2142; x_wconf 93' lang='lat' dir='ltr'>qui</span> <span class='ocrx_word' id='word_1_166' title='bbox 585 2075 637 2125; x_wconf 89' lang='lat' dir='ltr'>nisi</span> <span class='ocrx_word' id='word_1_167' title='bbox 649 2079 741 2127; x_wconf 81' lang='lat' dir='ltr'>centra</span> 
     </span>
     <span class='ocr_line' id='line_1_28' title="bbox 58 2141 698 2211; baseline -0.002 -17"><span class='ocrx_word' id='word_1_168' title='bbox 58 2141 171 2210; x_wconf 76' lang='lat' dir='ltr'>Corpora</span> <span class='ocrx_word' id='word_1_169' title='bbox 181 2141 310 2194; x_wconf 88' lang='lat' dir='ltr'>retribuat</span> <span class='ocrx_word' id='word_1_170' title='bbox 321 2141 406 2209; x_wconf 88' lang='lat' dir='ltr'>rebus,</span> <span class='ocrx_word' id='word_1_171' title='bbox 417 2149 567 2211; x_wconf 86' lang='lat' dir='ltr'>recreetque</span> <span class='ocrx_word' id='word_1_172' title='bbox 579 2143 698 2209; x_wconf 85' lang='lat' dir='ltr'>fluentes,</span> 
     </span>
     <span class='ocr_line' id='line_1_29' title="bbox 57 2210 692 2278; baseline -0.002 -14"><span class='ocrx_word' id='word_1_173' title='bbox 57 2210 153 2264; x_wconf 78' lang='lat' dir='ltr'>Omnia</span> <span class='ocrx_word' id='word_1_174' title='bbox 160 2212 218 2278; x_wconf 88' lang='lat' dir='ltr'>jam</span> <span class='ocrx_word' id='word_1_175' title='bbox 228 2211 343 2262; x_wconf 84' lang='lat' dir='ltr'>resoluta</span> <span class='ocrx_word' id='word_1_176' title='bbox 354 2211 447 2276; x_wconf 88' lang='lat' dir='ltr'>forent,</span> <span class='ocrx_word' id='word_1_177' title='bbox 459 2218 486 2263; x_wconf 93' lang='lat' dir='ltr'>et</span> <span class='ocrx_word' id='word_1_178' title='bbox 498 2213 526 2263; x_wconf 87' lang='lat' dir='ltr'>in</span> <span class='ocrx_word' id='word_1_179' title='bbox 538 2214 600 2265; x_wconf 74' lang='lat' dir='ltr'>aera</span> <span class='ocrx_word' id='word_1_180' title='bbox 612 2227 692 2263; x_wconf 78' lang='lat' dir='ltr'>versa</span> 
     </span>
    </p>
   </div>
   <div class='ocr_carea' id='block_1_5' title="bbox 57 2279 900 2416">
    <p class='ocr_par' dir='ltr' id='par_1_11' title="bbox 57 2279 900 2416">
     <span class='ocr_line' id='line_1_30' title="bbox 58 2279 900 2346; baseline -0.001 -15"><span class='ocrx_word' id='word_1_181' title='bbox 58 2279 141 2332; x_wconf 87' lang='lat' dir='ltr'>Haud</span> <span class='ocrx_word' id='word_1_182' title='bbox 153 2280 236 2346; x_wconf 86' lang='lat' dir='ltr'>igitur</span> <span class='ocrx_word' id='word_1_183' title='bbox 248 2286 333 2331; x_wconf 81' lang='lat' dir='ltr'>cessat</span> <span class='ocrx_word' id='word_1_184' title='bbox 344 2279 419 2346; x_wconf 81' lang='lat' dir='ltr'>gigni</span> <span class='ocrx_word' id='word_1_185' title='bbox 430 2280 464 2332; x_wconf 90' lang='lat' dir='ltr'>de</span> <span class='ocrx_word' id='word_1_186' title='bbox 475 2280 552 2332; x_wconf 87' lang='lat' dir='ltr'>rebus</span> <span class='ocrx_word' id='word_1_187' title='bbox 562 2286 590 2332; x_wconf 92' lang='lat' dir='ltr'>et</span> <span class='ocrx_word' id='word_1_188' title='bbox 602 2281 631 2330; x_wconf 93' lang='lat' dir='ltr'>in</span> <span class='ocrx_word' id='word_1_189' title='bbox 642 2295 683 2331; x_wconf 90' lang='lat' dir='ltr'>res</span> <span class='ocrx_word' id='word_1_190' title='bbox 847 2279 900 2330; x_wconf 77' lang='lat'>280</span> 
     </span>
     <span class='ocr_line' id='line_1_31' title="bbox 57 2348 761 2416; baseline -0.001 -15"><span class='ocrx_word' id='word_1_191' title='bbox 57 2348 181 2401; x_wconf 85' lang='lat' dir='ltr'>Recidere</span> <span class='ocrx_word' id='word_1_192' title='bbox 192 2348 311 2411; x_wconf 80' lang='lat' dir='ltr'>assidue3</span> <span class='ocrx_word' id='word_1_193' title='bbox 323 2349 447 2416; x_wconf 89' lang='lat' dir='ltr'>quoniam</span> <span class='ocrx_word' id='word_1_194' title='bbox 458 2349 538 2401; x_wconf 87' lang='lat' dir='ltr'>fluere</span> <span class='ocrx_word' id='word_1_195' title='bbox 551 2348 638 2400; x_wconf 87' lang='lat' dir='ltr'>omnia</span> <span class='ocrx_word' id='word_1_196' title='bbox 650 2351 761 2400; x_wconf 81' lang='lat' dir='ltr'>constet.</span> 
     </span>
    </p>
   </div>
   <div class='ocr_carea' id='block_1_6' title="bbox 371 2469 588 2540">
    <p class='ocr_par' dir='ltr' id='par_1_12' title="bbox 371 2469 588 2540">
     <span class='ocr_line' id='line_1_32' title="bbox 371 2469 588 2540; baseline -0.005 -17"><span class='ocrx_word' id='word_1_197' title='bbox 371 2469 413 2523; x_wconf 72' lang='lat' dir='ltr'>De</span> <span class='ocrx_word' id='word_1_198' title='bbox 424 2470 485 2540; x_wconf 68' lang='lat' dir='ltr'>qm·</span> <span class='ocrx_word' id='word_1_199' title='bbox 497 2479 520 2524; x_wconf 82' lang='lat' dir='ltr'>et</span> <span class='ocrx_word' id='word_1_200' title='bbox 531 2469 588 2523; x_wconf 76' lang='lat' dir='ltr'>sole.</span> 
     </span>
    </p>
   </div>
   <div class='ocr_carea' id='block_1_7' title="bbox 56 2553 772 2691">
    <p class='ocr_par' dir='ltr' id='par_1_13' title="bbox 56 2553 772 2691">
     <span class='ocr_line' id='line_1_33' title="bbox 91 2553 772 2623; baseline 0 -17"><span class='ocrx_word' id='word_1_201' title='bbox 91 2553 191 2621; x_wconf 81' lang='lat' dir='ltr'>Largus</span> <span class='ocrx_word' id='word_1_202' title='bbox 203 2554 268 2606; x_wconf 88' lang='lat' dir='ltr'>item</span> <span class='ocrx_word' id='word_1_203' title='bbox 280 2553 376 2620; x_wconf 91' lang='lat' dir='ltr'>liquidi</span> <span class='ocrx_word' id='word_1_204' title='bbox 389 2555 447 2614; x_wconf 72' lang='lat' dir='ltr'>iens</span> <span class='ocrx_word' id='word_1_205' title='bbox 459 2555 576 2620; x_wconf 88' lang='lat' dir='ltr'>luminis,</span> <span class='ocrx_word' id='word_1_206' title='bbox 589 2553 714 2608; x_wconf 74' lang='lat' dir='ltr'>etherius</span> <span class='ocrx_word' id='word_1_207' title='bbox 726 2554 772 2623; x_wconf 86' lang='lat' dir='ltr'>sel,</span> 
     </span>
     <span class='ocr_line' id='line_1_34' title="bbox 56 2622 619 2691; baseline 0.002 -16"><span class='ocrx_word' id='word_1_208' title='bbox 56 2622 155 2691; x_wconf 82' lang='lat' dir='ltr'>Irrigat</span> <span class='ocrx_word' id='word_1_209' title='bbox 166 2623 270 2675; x_wconf 87' lang='lat' dir='ltr'>assidue</span> <span class='ocrx_word' id='word_1_210' title='bbox 282 2622 377 2675; x_wconf 85' lang='lat' dir='ltr'>coelum</span> <span class='ocrx_word' id='word_1_211' title='bbox 389 2623 500 2676; x_wconf 80' lang='lat' dir='ltr'>candore</span> <span class='ocrx_word' id='word_1_212' title='bbox 511 2623 619 2691; x_wconf 79' lang='lat' dir='ltr'>recenti,</span> 
     </span>
    </p>
   </div>
   <div class='ocr_carea' id='block_1_8' title="bbox 0 0 968 2964">
    <p class='ocr_par' dir='ltr' id='par_1_14' title="bbox 0 0 968 2964">
     <span class='ocr_line' id='line_1_35' title="bbox 0 0 968 2964; baseline 0 1"><span class='ocrx_word' id='word_1_213' title='bbox 0 0 968 2964; x_wconf 95' lang='lat' dir='ltr'> </span> 
     </span>
    </p>
   </div>
  </div>
 </body>
</html>
