1928 2964
89 150 141 202 120
402 146 432 202 Τ.
450 148 620 202 nuceum

124 251 156 302 In
168 249 261 319 pelago
272 249 369 316 nautis,
382 267 416 301 ex
427 249 506 301 undis
518 253 598 314 ortus,
611 248 640 299 in
651 247 731 300 undis

87 318 131 371 Sol
143 319 174 372 fit
187 320 227 372 uti
239 319 361 371 videntur
372 318 443 370 obire
455 324 481 371 et
493 317 604 370 condere
616 317 721 380 lumen;

88 388 139 453 Qui
159 405 191 456 pe
202 387 249 440 ubi
260 389 299 439 nil
310 388 391 454 uliud,
403 388 454 439 nisi
466 404 561 468 equam
574 385 721 453 coelumque
733 391 848 438 tuentur
858 403 866 449 ;

67 504 69 507 .
86 455 127 510 Ne
139 406 233 510 ieviter
244 457 333 510 credes
346 456 498 509 labefactum
511 456 628 524 undique
640 472 739 507 sensus.

121 528 157 578 At
169 527 248 578 meris
260 527 358 593 ignaris
371 526 399 577 in
411 530 489 594 portu
500 525 595 577 claudo
607 524 732 577 videntur

85 592 112 646 N
112 596 207 662 origia,
219 595 344 662 aplustris
356 595 454 653 fractis,
467 593 580 646 obnitier
591 593 670 645 undis
677 612 685 657 3

85 663 111 715 N
112 681 155 717 nm
167 680 337 731 qnaecumque
350 682 429 732 supra
440 681 525 717 rorem
537 663 598 715 solis
610 663 682 715 edite
694 679 756 731 pers
768 667 810 715 est

86 731 232 799 Remorum,
244 740 317 785 recte
329 740 376 800 est,
389 740 416 785 et
428 740 500 786 recta
512 749 623 800 superne
635 731 771 799 guberne:
881 739 891 783 4

85 801 150 864 Ques
159 801 276 854 demersa
288 802 388 870 liquore
400 803 505 869 obeunt,
517 803 630 854 refracto
642 800 768 853 videntur

85 869 180 922 Omnis
192 872 316 938 converti,
329 889 483 941 sursumque
495 873 590 939 supine
602 870 706 936 reverti,

84 937 120 991 Et
130 939 228 992 reflexu
239 957 320 1009 prope
331 941 360 993 in
373 958 474 992 summo
485 941 590 993 fluitare
602 940 708 1007 liquore.

119 1009 240 1077 Ruraque
252 1027 298 1077 per
310 1011 406 1062 coelum
418 1016 477 1062 tum
489 1011 563 1062 venti
574 1009 667 1061 nubile
679 1013 789 1077 portant

83 1075 209 1146 Tempore
220 1085 356 1144 nocturno,
364 1097 447 1147 quum
459 1079 596 1148 splendide
609 1078 684 1145 signe
696 1078 825 1131 videntur

81 1145 176 1199 Irnbier
187 1148 325 1200 adversum
337 1148 445 1215 nimbos,
458 1156 538 1217 atque
550 1149 588 1200 ire
600 1164 712 1215 superne

82 1215 173 1284 Longe
184 1217 264 1270 eliam
276 1218 304 1269 in
317 1224 426 1286 partem,
440 1235 518 1285 quem
531 1235 583 1286 quo
594 1217 695 1269 ratione
707 1216 841 1271 feruntur.

116 1287 161 1354 At,
171 1287 194 1338 si
205 1287 273 1339 forte
285 1287 361 1339 oculo
371 1304 466 1339 manus
478 1288 526 1339 uni
538 1287 650 1351 subdite,
661 1285 752 1338 subter
799 1336 802 1343 ,

81 1351 179 1409 Pressit
191 1373 260 1423 eum,
273 1356 386 1425 quodem
398 1374 475 1409 sensu
487 1357 526 1424 fit,
538 1357 580 1409 uti
591 1356 733 1408 videantur

82 1422 183 1491 Omnia,
196 1442 254 1493 quae
266 1426 373 1491 tuimur,
385 1425 444 1479 fieri
455 1434 513 1478 turn
525 1426 589 1478 bine
600 1425 699 1478 tuendo
705 1443 713 1488 ;
873 1428 891 1478 4

79 1491 149 1545 Bina
160 1493 327 1546 lucernarum
338 1494 458 1548 florentie
470 1495 572 1548 luminu
582 1495 702 1560 flammis,

79 1559 200 1629 Binnque
212 1580 259 1630 per
271 1569 340 1615 totns
353 1565 421 1616 aedes
433 1565 567 1633 geminare
580 1563 705 1633 supellex,

79 1628 115 1681 Et
126 1631 245 1698 duplices
257 1631 393 1684 hominum
405 1634 493 1700 socies,
506 1641 533 1686 et
546 1651 652 1702 corpore
664 1633 734 1686 bine

114 1698 241 1768 Denique,
249 1718 331 1768 quum
344 1703 418 1754 suevi
431 1704 552 1756 devinxit
564 1702 680 1755 membre
693 1718 785 1770 sopore

78 1765 196 1835 Somnus,
209 1775 236 1822 et
247 1770 276 1822 in
288 1787 391 1823 summe
402 1790 494 1842 corpus
503 1774 575 1840 jacet
587 1789 663 1824 omne
676 1773 764 1840 quiete
771 1791 779 1837 ;

78 1835 144 1889 l'um
157 1838 266 1906 vigilare
278 1846 367 1892 tamen
380 1841 453 1894 nobis
466 1849 493 1894 et
504 1841 621 1894 membre
632 1858 736 1893 movere

77 1904 103 1957 N
104 1913 173 1959 ostra
187 1908 317 1976 videntur,
330 1916 356 1961 et
369 1911 397 1962 in
409 1912 492 1963 noctis
505 1911 617 1978 caligine
629 1927 698 1962 ceren

77 1974 186 2029 Cernere
198 1995 332 2030 censemus
344 1980 424 2031 solem
436 1981 579 2048 lumenque
592 1981 724 2046 diurnum,

77 2044 255 2114 Conclusoque
268 2048 323 2099 loeo
335 2050 438 2114 coelum,
451 2067 530 2115 mare,
542 2049 659 2115 flumine,
672 2055 775 2101 montes

77 2113 183 2168 Mutare
195 2124 223 2169 et
235 2134 339 2183 campos
351 2117 461 2185 pedibus
473 2119 584 2170 transire
597 2119 723 2185 videmur,
872 2124 891 2173 4

75 2183 111 2237 Et
123 2187 224 2238 sonitus
236 2186 334 2252 audire,
348 2205 436 2240 severe
449 2188 554 2239 silentia
565 2189 650 2241 noctis

76 2254 200 2323 Undique
212 2272 294 2324 quum
307 2263 436 2323 constent,
444 2264 471 2309 et
484 2257 592 2309 reddere
605 2258 677 2308 dicte
689 2261 815 2310 tacentes.

110 2325 202 2377 Cetera
214 2325 246 2376 de'
259 2342 353 2392 genere
365 2326 414 2378 hoc
425 2326 544 2378 mirande
555 2326 642 2378 multa
654 2325 781 2392 videmus,

75 2391 139 2455 Quae
151 2395 248 2447 violare
260 2394 339 2447 fidem
352 2395 426 2462 quusi
438 2395 557 2447 sensibus
568 2396 656 2447 omnia
668 2401 805 2462 quaerunt:

73 2460 100 2512 N
100 2463 273 2530 equidqunm3
292 2465 417 2531 quoniam
426 2482 486 2532 pnrs
498 2464 591 2516 horum
603 2463 719 2515 maxims
731 2463 804 2518 fallit

73 2529 184 2598 Propter
195 2532 318 2599 opinatus
330 2533 419 2599 animi,
432 2551 497 2601 quos
509 2533 630 2585 addimus
641 2532 700 2599 ipsi,

73 2596 124 2650 Pro
135 2599 198 2650 visis
210 2606 242 2651 ut
254 2602 315 2667 sint,
328 2619 387 2670 quae
398 2619 451 2654 non
464 2608 526 2654 sunt
538 2602 651 2653 sensibu'
663 2601 726 2654 visa.

63 2664 137 2721 Nam
147 2667 219 2721 nibil
230 2669 328 2740 aegn‘us
340 2676 387 2742 est,
401 2687 482 2742 quem
493 2687 533 2723 res
546 2687 677 2722 secernere
689 2676 794 2738 opertos
