1928 2964
82 135 118 185 n
397 131 426 184 r.
445 130 612 184 nuenarii
635 103 637 107 ’

84 234 199 302 Cogitur,
211 234 295 287 aerias
309 234 378 302 quod
390 234 427 286 sic
439 233 605 286 diverberat⁹
616 234 716 288 undas.

83 303 139 356 Nec
152 304 307 372 singillatim
319 303 473 379 corpuscula
485 320 595 371 quaeque
607 305 718 371 vaporis,

84 371 135 425 Sed
147 374 283 441 complexa
295 380 385 425 meant
397 373 466 424 inter
478 389 513 438 se,
525 390 626 440 conque
637 372 750 439 globata.

84 442 250 510 Quapropter
261 443 339 494 simul
350 443 420 494 inter
432 459 459 493 se
470 441 649 508 retrahuntur,
661 447 688 493 et
701 448 778 495 extra

85 511 249 577 (illiciuntur,
262 513 304 564 uti
316 518 445 578 cogantur
456 511 558 562 tardius
570 511 614 562 ira

84 579 128 646 At,
140 597 198 648 quae
211 587 272 633 sunt
285 580 367 632 solida
379 580 520 648 primordia
533 579 708 647 simplicitate,

85 649 174 713 Quum
185 667 232 718 per
243 651 322 702 inane
333 656 423 702 meant
436 666 556 714 vacuum,
568 665 616 700 nee
628 665 668 700 res
680 655 828 703 remoratur

84 717 146 770 Ulla
156 719 227 784 foris,
239 724 319 787 atque
330 719 395 787 ipsa,
408 719 461 770 suis
474 735 488 768 e
500 717 619 785 partibus
630 735 722 783 unum,

84 786 174 839 Unum
186 788 214 839 in
226 805 304 855 quem
316 805 416 855 coepere
428 787 520 852 locum,
533 787 646 838 connixa
657 786 797 852 feruntur3

84 854 187 908 Debent
199 857 324 908 nimirum
336 856 482 925 praecellere
493 855 647 921 mobilitate,
876 860 923 909 160

84 924 119 975 Et
131 925 216 977 multo
228 926 305 977 citius
317 926 387 992 ferri,
400 943 479 993 quam
490 924 593 976 lumina
605 925 672 990 solis,

85 993 282 1063 Multiplexque
293 995 345 1047 loci
357 995 471 1062 spatium
483 1001 659 1046 transcurrere
671 994 761 1046 eodem

84 1062 216 1131 Tempore,
229 1080 280 1132 quo
292 1064 353 1115 solis
364 1065 523 1131 pervulgant
534 1063 641 1130 fulgura
652 1063 755 1116 coelum

84 1132 153 1184 Nam
165 1150 249 1201 neque
261 1133 368 1185 oonsilio
380 1133 476 1185 debent
489 1133 593 1185 tardata
604 1133 706 1198 morari,

84 1201 110 1253 N
110 1219 139 1254 ec
151 1203 290 1270 persectari
303 1203 446 1270 primordia
457 1202 562 1269 singula
574 1218 690 1269 quaque,

85 1271 122 1323 Ut
135 1272 249 1337 videant,
262 1288 315 1339 qua
327 1271 442 1339 quidque
453 1277 561 1338 geratur
573 1288 633 1322 cum
646 1271 755 1324 ratione.

118 1341 156 1393 At
167 1341 280 1409 quidam
287 1348 378 1393 contra
390 1340 446 1392 hoec
458 1341 552 1408 ignari,
563 1340 685 1392 materiai

85 1409 214 1461 Naturam
225 1428 278 1462 non
290 1428 363 1478 posse
375 1409 455 1461 desim
467 1410 523 1461 sine
534 1411 644 1460 numine
655 1408 730 1460 reddi

85 1478 230 1546 Nantopere
241 1480 364 1530 humanis
375 1478 527 1544 rationibus,
539 1496 570 1530 ac
582 1478 658 1530 modo
669 1484 728 1530 rata

85 1547 211 1614 'l'empora
223 1555 326 1600 mutare
338 1565 473 1613 annorum,
485 1548 624 1615 frugesque
636 1564 738 1610 creare;
875 1550 923 1602 170

85 1615 120 1668 Et
128 1618 185 1683 jam
197 1624 290 1683 cetera,
302 1618 424 1669 mortales
437 1633 494 1684 quae
507 1616 599 1669 suadet
611 1617 690 1683 adire,

86 1685 198 1753 Ipsaque
211 1686 318 1738 deducit
330 1687 386 1737 dux
397 1687 468 1751 vitae,
481 1686 525 1737 dia
537 1686 665 1754 voluptas,
752 1726 757 1733 ,

86 1753 174 1806 Utres
186 1772 233 1823 per
246 1756 353 1807 Veneris
365 1754 505 1807 blanditim
518 1755 594 1806 saecla
605 1760 759 1822 propagent,

86 1823 112 1875 N
112 1840 126 1874 e
138 1841 221 1891 genus
233 1825 335 1876 occidat
346 1825 505 1876 humanum:
524 1841 635 1890 quorum
647 1825 735 1876 omnia
747 1841 827 1876 cause

87 1892 257 1945 Constituisse
269 1894 329 1946 deos
341 1910 423 1961 quum
435 1893 548 1960 fingunt,
560 1891 674 1944 omnibu'
686 1892 763 1944 rebus
781 1942 783 1951 ,

86 1961 246 2030 Magnopere
258 1980 274 2014 a
286 1980 347 2014 vera
359 1962 426 2030 lapsi
437 1963 538 2014 ratione
550 1962 681 2013 videntur.

86 2031 112 2082 N
112 2048 155 2082 em
167 2032 286 2099 quamvis
297 2049 384 2083 rerum
396 2033 512 2098 ignorem
524 2030 667 2099 primordia
678 2047 735 2097 quoe
748 2031 810 2098 sint,

88 2100 146 2152 Hoc
158 2106 246 2152 tamen
259 2117 292 2151 ex
304 2101 367 2168 ipsis
380 2101 439 2152 coeli
450 2100 596 2152 rationibus
608 2100 691 2151 ausim

87 2169 244 2222 confirmare
255 2170 365 2237 aliisque
377 2187 410 2221 ex
421 2170 498 2221 rebus
510 2169 617 2221 reddere
628 2167 728 2234 multis,

86 2238 260 2307 Nequaquam
272 2239 345 2291 nobis
358 2239 486 2290 divinitus
498 2253 553 2290 esse
565 2245 680 2290 creatam
877 2241 925 2292 180

86 2308 218 2361 Naturam
230 2309 339 2360 mundi:
357 2325 509 2375 quanquam
521 2308 577 2359 haee
590 2308 644 2358 sint
655 2307 768 2375 praedita
779 2307 875 2376 culpa;

87 2377 151 2441 Quae
164 2377 214 2429 tibi
226 2378 361 2445 posterius,
375 2377 492 2442 Memmi,
504 2377 631 2427 faciemus
644 2383 742 2444 aperta.

87 2445 164 2499 Nunc
176 2446 211 2513 id,
225 2447 293 2515 quod
305 2452 422 2515 superest
434 2445 466 2496 de
477 2445 599 2512 motibus,
612 2445 788 2512 expediemus.

342 2534 352 2555 ⁶
366 2530 421 2581 quod
430 2529 461 2568 sol
471 2529 599 2578 diverberat3
614 2529 662 2571 ΜΒ.
