1964 2970
325 170 433 222 arnna
452 167 620 248 quimus
839 165 889 214 ue

51 273 107 326 Per
118 271 234 324 membra
245 289 276 323 ae
289 289 367 323 venas
379 277 410 322 ut
423 287 536 322 amorem
548 269 652 322 obturet
664 267 765 320 edendi.
840 265 891 318 870

74 398 76 403 ⁴
90 341 194 392 Humor
205 341 269 392 item
281 341 392 392 discedit
404 341 432 391 in
445 340 539 405 omnia,
552 355 610 406 quae
621 338 679 389 loca
690 352 804 403 cumque

52 410 172 462 Poscunt
183 410 334 472 humorem;
346 409 540 477 glomerataque
552 407 636 459 multa
648 407 751 473 vaporis

52 479 174 546 Corpora,
188 495 245 546 quae
259 478 391 530 stomacho
403 477 521 546 praebent
533 476 654 528 incendia
666 481 761 540 nostro,

52 548 173 616 Dissipat
185 547 326 599 adveniens
338 547 430 614 liquor,
443 563 474 598 ac
486 546 634 612 restinguit,
647 550 678 596 ut
690 545 787 612 ignem,

17 651 22 658 -
52 617 137 668 Urere
148 633 182 667 ne
194 616 274 684 possit
286 616 356 667 calor
367 615 480 682 amplius
492 615 580 666 aridus
593 621 672 666 artus.

53 683 99 736 Sic
110 685 192 751 igitur
203 683 252 735 tibi
264 684 359 735 anhela
371 684 429 735 sitis
442 684 474 735 de
486 700 591 750 corpore
602 690 690 734 nostro

53 752 189 820 Abluitur,
202 753 238 805 sic
250 753 372 820 expletur
380 754 473 819 jejuna
485 752 587 820 cupido.

175 869 216 922 De
227 879 297 922 wrote
309 869 487 936 membrorum,
500 868 576 921 idest
587 867 751 920 cumulando.
821 870 829 886 ‘

91 955 168 1007 Nunc
181 955 227 1022 qui
239 955 294 1022 fiat,
303 956 344 1007 uti
356 973 446 1024 passus
459 956 573 1023 proferre
585 971 718 1023 queamus,

56 1024 145 1087 Quum
157 1024 282 1090 volumus,
295 1025 419 1092 varieque
431 1025 523 1076 datum
535 1026 569 1076 sit
580 1023 697 1074 membra
708 1039 818 1089 movere,

55 1093 92 1146 Et
104 1109 163 1160 quae
175 1109 215 1144 res
227 1099 332 1145 tantum
344 1093 393 1145 hoc
405 1094 489 1145 oneris
501 1093 653 1162 protrudere
665 1092 747 1143 nostri
837 1094 890 1143 880

58 1162 177 1229 Corporis
188 1162 305 1228 insuerit,
318 1162 417 1214 dicam:
429 1168 460 1213 tu
471 1163 575 1230 percipe
588 1161 666 1213 dicta.

91 1230 164 1295 Dico,
177 1230 263 1281 animo
275 1236 363 1283 nostro
375 1231 489 1299 primum
501 1230 640 1282 simulacra
652 1229 757 1280 meandi

56 1298 189 1365 Accidere,
202 1305 280 1366 atque
292 1300 409 1351 animum
421 1300 532 1368 pulsare,
546 1304 577 1351 ut
590 1298 704 1349 diximus
716 1305 785 1350 ante.

58 1368 125 1420 Inde
137 1367 257 1419 voluntas
269 1368 315 1420 fit:
334 1386 417 1436 neque
430 1369 500 1420 enim
511 1370 597 1419 facere
608 1367 703 1434 incipit
715 1367 798 1418 ullam

59 1437 125 1488 Rem
137 1437 281 1504 quisquam,
294 1454 372 1504 quam
383 1455 456 1489 mens
468 1437 590 1505 providit,
603 1437 667 1504 quid
679 1435 751 1499 velit,
763 1441 832 1488 ante.

59 1506 99 1572 Id,
112 1505 181 1572 quod
193 1506 318 1573 providet,
331 1506 403 1558 illius
414 1508 452 1558 rei
465 1512 567 1558 constat
578 1506 672 1572 imago.

58 1574 135 1641 Ergo,
147 1575 250 1625 animus
262 1592 342 1642 quum
354 1592 408 1626 sese
420 1576 458 1628 ita
470 1581 622 1643 commovet,
634 1579 666 1626 ut
678 1573 743 1626 velit
754 1573 793 1626 ire

59 1642 144 1710 Inque
155 1643 235 1710 gredi,
248 1643 309 1695 ferit
321 1644 459 1711 extemplo,
469 1661 526 1712 quae
538 1645 567 1695 iu
580 1660 684 1712 corpore
696 1641 752 1695 toto

58 1710 109 1762 Per
121 1711 236 1763 membra
248 1717 328 1780 atque
339 1719 412 1764 artus
424 1714 523 1765 animai
535 1714 628 1765 dissita
639 1713 678 1764 vis
690 1719 742 1764 est:

57 1779 94 1831 Et
106 1780 183 1832 facile
195 1781 353 1847 estfactum,
366 1782 489 1849 quoniam
500 1783 639 1849 conjuncta
652 1787 764 1833 tenetur.
837 1784 890 1833 890

60 1848 126 1900 Inde
138 1865 169 1900 ea
180 1865 303 1916 proporro
315 1866 407 1918 corpus
418 1850 487 1917 ferit,
499 1855 579 1917 atque
590 1851 630 1901 ite
641 1855 697 1902 tota

46 1915 192 1968 Paulatim
203 1918 283 1969 moles
295 1919 459 1985 protruditur
470 1924 549 1985 atque
560 1924 686 1970 movetur.

93 1984 222 2037 Praeterea
233 1991 292 2037 tum
303 1987 410 2038 rarescit
422 2004 524 2054 quoque
536 2004 635 2055 corpus,
648 1994 675 2038 et
687 1987 732 2038 a'er

60 2053 174 2121 Scilicet,
186 2060 217 2105 ut
229 2055 313 2122 debet,
326 2056 371 2124 qui
384 2072 484 2123 semper
495 2056 597 2108 mobilis
610 2061 704 2122 exstat,

58 2121 109 2174 Per
121 2123 253 2189 patefacta
265 2124 345 2192 venit,
358 2131 529 2193 penetratque
540 2125 669 2177 foramina
680 2124 777 2191 largus,

58 2191 94 2242 Et
107 2191 265 2258 dispergitur
277 2193 311 2244 ad
322 2199 409 2261 partes
421 2195 460 2245 ita
471 2210 587 2262 quasque
599 2194 715 2245 minutas

59 2260 194 2327 Corporis:
212 2260 256 2312 hic
268 2262 351 2328 igitur
361 2262 438 2314 rebus
449 2262 481 2314 fit
493 2264 624 2330 utrimque
637 2260 746 2328 duabus,

59 2329 157 2396 Corpus
169 2328 217 2395 uti,
229 2335 260 2380 ut
272 2332 346 2382 navis
358 2331 423 2383 velis
435 2338 571 2400 ventoque,
582 2331 690 2382 feratur.

93 2397 118 2448 N
120 2414 148 2447 ec
160 2402 249 2448 tamen
261 2399 328 2450 illud
339 2400 368 2450 in
380 2400 421 2451 his
433 2400 510 2451 rebus
522 2398 640 2450 mirabile
652 2403 762 2462 constat,

59 2465 174 2517 Tantula
186 2466 256 2532 quod
268 2472 374 2519 tantum
386 2485 478 2536 corpus
490 2467 644 2535 corpuscula
655 2467 755 2534 possint
840 2468 891 2518 900

60 2534 241 2601 Contorquere,
254 2542 281 2586 et
293 2553 357 2587 onus
370 2543 456 2588 totum
468 2542 617 2588 convertere
628 2544 754 2588 nostrum·

60 2602 164 2670 Quippe
176 2604 274 2654 etenim
286 2610 379 2657 ventus
392 2605 484 2658 subtili
496 2622 603 2676 corpore
613 2604 707 2657 tenuis

56 2671 149 2719 erudit
158 2687 240 2736 agens
250 2689 377 2741 magnam
389 2693 493 2748 magno
504 2677 653 2733 molimine
662 2689 788 2736 narem,
