1964 2970
95 169 146 220 152
408 162 437 215 l'.
454 160 622 214 Lucuuuu

93 263 260 334 Apportantl
278 281 358 334 quare
369 280 438 314 mors
450 263 593 314 immatura
603 261 735 329 regaturl

129 335 195 386 Tum
207 351 282 403 porro
294 351 366 402 puer,
378 338 410 384 ut
422 333 497 384 savis
508 333 638 399 projectus
649 331 683 382 ab
694 331 773 383 undis

93 400 199 470 Navita,
211 402 298 454 nudus
310 401 384 454 humi
392 403 471 469 jacet,
483 401 577 466 infans,
590 400 696 466 indigus
707 400 781 452 omni

94 471 178 524 Vitali
190 472 297 536 auxilio,
310 486 393 539 quum
405 470 519 537 primum
531 470 559 520 in
569 469 679 520 luminis
691 484 751 521 oras

93 540 119 592 N
120 541 207 591 ixibus
219 557 253 592 ex
265 539 325 592 alvo
336 539 428 590 matris
440 544 536 590 natum
565 538 665 590 refudit
672 556 680 601 ;

94 608 245 676 vagituque
257 607 344 660 lucum
355 607 460 674 lugubri
472 555 591 674 corripiet,
604 615 636 658 ut
648 611 814 674 aequumst,

94 676 143 730 cui
154 684 260 729 tantum
271 677 301 728 in
312 677 369 728 vita
380 682 461 728 restet
473 675 585 727 transire
596 675 732 727 malcrum.

92 748 129 797 At
141 746 220 798 variae
232 752 352 798 crescunt
365 744 485 813 pecudes,
498 750 624 811 armenta,
636 745 765 812 seraque:

92 813 147 866 Nec
155 814 322 883 crepitacillis
334 831 399 882 opus
412 820 459 879 cst,
467 830 515 865 nec
527 813 651 882 cuiquam
660 813 812 868 adhibenda
820 821 862 868 ast
886 818 902 867 2

93 883 178 935 Almae
190 883 300 935 nutricis
312 882 410 934 blanda
421 889 500 950 atque
512 883 626 934 infracta
637 882 754 950 loquela3

92 951 147 1003 Nec
160 951 245 1004 varias
258 957 381 1019 quaerunt
393 958 536 1019 vestes-pro
548 957 666 1019 tempera
677 951 743 1003 coeli.

92 1020 213 1089 Denique
225 1038 277 1072 non
289 1021 368 1072 armis
381 1035 447 1087 opus
459 1026 505 1085 cst,
518 1037 570 1071 non
582 1020 712 1072 moeuibus
724 1019 794 1087 altis,

93 1088 145 1152 Qui
157 1106 205 1141 sua
216 1095 345 1155 tutentur,
358 1089 463 1156 quando
475 1088 596 1140 omnibus
608 1089 696 1141 omnia
707 1088 782 1156 large

91 1156 180 1211 uellus
191 1159 248 1239 ipsa
260 1158 330 1227 parit
341 1164 487 1225 naturaque
499 1158 601 1210 daedala
612 1175 707 1210 reruni

126 1225 266 1296 Princ1pi0‚
279 1227 403 1348 quoniam
415 1229 495 1278 terrai
507 1243 600 1295 corpus
612 1233 639 1278 et
650 1227 744 1279 humor

92 1295 275 1364 Aurarumque
298 1312 357 1348 eves
369 1296 464 1348 animas
476 1296 607 1363 calidique
618 1312 734 1364 saperes,

90 1363 114 1415 E
126 1365 219 1433 quibus
232 1365 288 1417 haec
298 1381 386 1417 rerum
395 1365 537 1416 'consistere
549 1381 652 1416 summa
663 1365 775 1432 videtur,

92 1433 187 1486 Omnia
198 1434 288 1486 nativo
300 1451 331 1486 ac
342 1434 448 1486 mortali
460 1450 565 1501 corpere
576 1439 713 1498 ccuatant;

91 1501 176 1555 Debet
188 1503 279 1555 eadem
291 1503 375 1554 omnis
386 1502 480 1554 mundi
492 1510 589 1555 natura
600 1503 697 1571 putari.
881 1507 902 1557 2

261 1619 344 1689 Ocjiu
353 1638 418 1691 pars
431 1621 523 1675 activa
535 1621 569 1675 eit
581 1621 692 1675 leticum
703 1638 761 1674 case.

91 1704 194 1772 Quippe
206 1705 312 1772 etenim,
325 1721 436 1772 quorum
448 1712 536 1774 partes
548 1711 575 1758 et
586 1705 703 1759 membra
714 1705 836 1758 videmus

91 1773 201 1841 Corpore
213 1773 304 1826 nativo
316 1775 345 1826 in
356 1774 512 1827 mortalibus
524 1791 578 1826 esse
590 1775 690 1842 figuris,

91 1841 155 1894 Haec
167 1841 258 1894 eadem
269 1843 351 1896 ferme
361 1844 483 1896 mortalia
495 1845 624 1896 cernimus
636 1861 691 1897 esse

90 1909 126 1962 Et
138 1913 229 1963 nativa
241 1911 325 1964 simud.
361 1911 527 1981 Quapropter
539 1914 655 1965 maxima
666 1913 760 1965 mundi

92 1979 182 2039 Quum
194 1980 297 2033 videam
308 1980 424 2033 membra
436 1998 467 2033 ac
479 1988 566 2050 partes
578 1990 733 2050 consumpta
744 1981 865 2050 κείμὴ

91 2048 162 2100 Scire
174 2048 243 2114 licet,
257 2049 315 2100 cceli
327 2066 429 2117 quoque
441 2051 510 2102 idem
523 2057 651 2120 terraque
662 2052 743 2103 fuiisse

91 2117 249 2185 Principiale
261 2118 367 2185 aliquod
379 2124 490 2187 tempus,
503 2120 655 2188 clademque
667 2120 792 2173 futuram.

127 2187 200 2239 Illud
211 2186 240 2238 in
252 2187 293 2238 his
305 2186 383 2239 rebus
395 2205 428 2239 nc
441 2189 596 2256 corripuisse
607 2190 695 2245 rearis.

91 2254 207 2322 Memmi,
220 2256 290 2324 quod
302 2261 399 2308 terram
411 2262 490 2324 atquc
502 2259 591 2324 ignem
602 2258 724 2311 mortalia
736 2259 838 2327 sumpsi

91 2323 168 2388 Esse;
186 2341 271 2392 neque
283 2326 418 2378 humorem
430 2326 550 2380 dubitavi
562 2344 691 2395 aurasque
702 2328 802 2396 perir03
882 2332 902 2382 2

91 2392 179 2462 Atque
191 2394 283 2447 eadem
294 2395 376 2463 gigni,
388 2412 529 2464 rursusque
541 2413 679 2464 augescere
691 2397 758 2450 dixi.

446 2512 486 2565 De
498 2522 575 2566 terra

114 2590 260 2665 Principio,
273 2614 336 2668 pars
350 2599 433 2653 terrai
444 2597 582 2664 nonnulla,
590 2602 700 2665 perusta

62 2657 178 2719 Solibus
188 2668 317 2743 assiduis,
331 2672 424 2727 multa
436 2671 550 2744 pulsata
557 2667 663 2739 padum
669 2666 711 2728 ui,
