<?xml version="1.0" encoding="UTF-8"?>
<!DOCTYPE html PUBLIC "-//W3C//DTD XHTML 1.0 Transitional//EN"
    "http://www.w3.org/TR/xhtml1/DTD/xhtml1-transitional.dtd">
<html xmlns="http://www.w3.org/1999/xhtml" xml:lang="en" lang="en">
 <head>
  <title>
</title>
<meta http-equiv="Content-Type" content="text/html;charset=utf-8" />
  <meta name='ocr-system' content='tesseract 3.04.00' />
  <meta name='ocr-capabilities' content='ocr_page ocr_carea ocr_par ocr_line ocrx_word'/>
</head>
<body>
  <div class='ocr_page' id='page_1' title='image "./tlucretiicaride03carugoog_0115.png"; bbox 0 0 1928 2964; ppageno 0'>
   <div class='ocr_carea' id='block_1_1' title="bbox 72 159 600 214">
    <p class='ocr_par' dir='ltr' id='par_1_1' title="bbox 72 159 600 214">
     <span class='ocr_line' id='line_1_1' title="bbox 72 159 600 214; baseline 0.006 -4"><span class='ocrx_word' id='word_1_1' title='bbox 72 160 107 210; x_wconf 87' lang='grc'>90</span> <span class='ocrx_word' id='word_1_2' title='bbox 385 159 414 214; x_wconf 71' lang='grc' dir='ltr'>Τ.</span> <span class='ocrx_word' id='word_1_3' title='bbox 432 159 600 213; x_wconf 72' lang='lat' dir='ltr'>nuceum</span> 
     </span>
    </p>
   </div>
   <div class='ocr_carea' id='block_1_2' title="bbox 54 258 915 2743">
    <p class='ocr_par' dir='ltr' id='par_1_2' title="bbox 54 258 915 2743">
     <span class='ocr_line' id='line_1_2' title="bbox 74 258 726 329; baseline 0.005 -20"><span class='ocrx_word' id='word_1_4' title='bbox 74 258 148 311; x_wconf 89' lang='lat' dir='ltr'>Inter</span> <span class='ocrx_word' id='word_1_5' title='bbox 160 276 187 312; x_wconf 92' lang='lat' dir='ltr'>se</span> <span class='ocrx_word' id='word_1_6' title='bbox 199 263 340 329; x_wconf 83' lang='lat' dir='ltr'>conjuncta</span> <span class='ocrx_word' id='word_1_7' title='bbox 352 261 449 328; x_wconf 87' lang='lat' dir='ltr'>valent,</span> <span class='ocrx_word' id='word_1_8' title='bbox 462 263 570 329; x_wconf 84' lang='lat' dir='ltr'>viteque</span> <span class='ocrx_word' id='word_1_9' title='bbox 581 262 726 313; x_wconf 83' lang='lat' dir='ltr'>fruuntur:</span> 
     </span>
     <span class='ocr_line' id='line_1_3' title="bbox 72 326 686 398; baseline 0.003 -19"><span class='ocrx_word' id='word_1_10' title='bbox 72 326 98 378; x_wconf 84' lang='lat' dir='ltr'>N</span> <span class='ocrx_word' id='word_1_11' title='bbox 99 345 128 380; x_wconf 87' lang='lat' dir='ltr'>ee</span> <span class='ocrx_word' id='word_1_12' title='bbox 141 327 196 381; x_wconf 88' lang='lat' dir='ltr'>sine</span> <span class='ocrx_word' id='word_1_13' title='bbox 208 347 313 398; x_wconf 83' lang='lat' dir='ltr'>corpore</span> <span class='ocrx_word' id='word_1_14' title='bbox 325 331 396 382; x_wconf 92' lang='lat' dir='ltr'>enim</span> <span class='ocrx_word' id='word_1_15' title='bbox 408 331 501 382; x_wconf 82' lang='lat' dir='ltr'>vitales</span> <span class='ocrx_word' id='word_1_16' title='bbox 513 331 588 382; x_wconf 88' lang='lat' dir='ltr'>edere</span> <span class='ocrx_word' id='word_1_17' title='bbox 599 336 686 382; x_wconf 88' lang='lat' dir='ltr'>motus</span> 
     </span>
     <span class='ocr_line' id='line_1_4' title="bbox 73 395 913 467; baseline 0.005 -19"><span class='ocrx_word' id='word_1_18' title='bbox 73 395 133 448; x_wconf 83' lang='lat' dir='ltr'>Sola</span> <span class='ocrx_word' id='word_1_19' title='bbox 145 403 232 464; x_wconf 87' lang='lat' dir='ltr'>potest</span> <span class='ocrx_word' id='word_1_20' title='bbox 243 400 325 451; x_wconf 87' lang='lat' dir='ltr'>animi</span> <span class='ocrx_word' id='word_1_21' title='bbox 337 417 384 467; x_wconf 87' lang='lat' dir='ltr'>per</span> <span class='ocrx_word' id='word_1_22' title='bbox 395 417 422 450; x_wconf 87' lang='lat' dir='ltr'>se</span> <span class='ocrx_word' id='word_1_23' title='bbox 434 406 543 462; x_wconf 88' lang='lat' dir='ltr'>natura;</span> <span class='ocrx_word' id='word_1_24' title='bbox 562 416 610 450; x_wconf 91' lang='lat' dir='ltr'>nec</span> <span class='ocrx_word' id='word_1_25' title='bbox 622 405 713 450; x_wconf 82' lang='lat' dir='ltr'>autem</span> <span class='ocrx_word' id='word_1_26' title='bbox 863 401 913 452; x_wconf 87' lang='grc'><strong>560</strong></span> 
     </span>
     <span class='ocr_line' id='line_1_5' title="bbox 73 464 738 536; baseline 0.006 -20"><span class='ocrx_word' id='word_1_27' title='bbox 73 464 181 517; x_wconf 71' lang='lat' dir='ltr'>Cassum</span> <span class='ocrx_word' id='word_1_28' title='bbox 193 469 282 519; x_wconf 83' lang='lat' dir='ltr'>anima</span> <span class='ocrx_word' id='word_1_29' title='bbox 294 484 387 536; x_wconf 85' lang='lat' dir='ltr'>eorpus</span> <span class='ocrx_word' id='word_1_30' title='bbox 400 468 501 535; x_wconf 88' lang='lat' dir='ltr'>durare,</span> <span class='ocrx_word' id='word_1_31' title='bbox 514 473 541 520; x_wconf 89' lang='lat' dir='ltr'>et</span> <span class='ocrx_word' id='word_1_32' title='bbox 553 466 670 519; x_wconf 81' lang='lat' dir='ltr'>sensibus</span> <span class='ocrx_word' id='word_1_33' title='bbox 682 467 738 520; x_wconf 89' lang='lat' dir='ltr'>uti:</span> 
     </span>
     <span class='ocr_line' id='line_1_6' title="bbox 73 532 679 604; baseline 0.005 -20"><span class='ocrx_word' id='word_1_34' title='bbox 73 532 179 586; x_wconf 74' lang='lat' dir='ltr'><strong>Scilicet</strong></span> <span class='ocrx_word' id='word_1_35' title='bbox 191 537 297 588; x_wconf 86' lang='lat' dir='ltr'>avulsus</span> <span class='ocrx_word' id='word_1_36' title='bbox 308 537 435 589; x_wconf 72' lang='lat' dir='ltr'>radicitus</span> <span class='ocrx_word' id='word_1_37' title='bbox 447 544 480 589; x_wconf 91' lang='lat' dir='ltr'>ut</span> <span class='ocrx_word' id='word_1_38' title='bbox 490 538 583 604; x_wconf 89' lang='lat' dir='ltr'>nequit</span> <span class='ocrx_word' id='word_1_39' title='bbox 595 535 679 588; x_wconf 85' lang='lat' dir='ltr'>ullam</span> 
     </span>
     <span class='ocr_line' id='line_1_7' title="bbox 72 601 774 673; baseline 0.006 -21"><span class='ocrx_word' id='word_1_40' title='bbox 72 601 207 671; x_wconf 87' lang='lat' dir='ltr'>Dispicere</span> <span class='ocrx_word' id='word_1_41' title='bbox 218 605 273 672; x_wconf 87' lang='lat' dir='ltr'>ipse</span> <span class='ocrx_word' id='word_1_42' title='bbox 286 605 376 656; x_wconf 87' lang='lat' dir='ltr'>oculus</span> <span class='ocrx_word' id='word_1_43' title='bbox 388 623 443 657; x_wconf 89' lang='lat' dir='ltr'>rem</span> <span class='ocrx_word' id='word_1_44' title='bbox 456 623 570 658; x_wconf 90' lang='lat' dir='ltr'>seorsum</span> <span class='ocrx_word' id='word_1_45' title='bbox 582 622 687 673; x_wconf 86' lang='lat' dir='ltr'>corpore</span> <span class='ocrx_word' id='word_1_46' title='bbox 698 609 774 668; x_wconf 90' lang='lat' dir='ltr'>toto;</span> 
     </span>
     <span class='ocr_line' id='line_1_8' title="bbox 73 669 791 743; baseline 0.007 -22"><span class='ocrx_word' id='word_1_47' title='bbox 73 669 116 722; x_wconf 81' lang='lat' dir='ltr'>Sic</span> <span class='ocrx_word' id='word_1_48' title='bbox 129 672 217 725; x_wconf 88' lang='lat' dir='ltr'>anima</span> <span class='ocrx_word' id='word_1_49' title='bbox 229 679 308 740; x_wconf 88' lang='lat' dir='ltr'>atque</span> <span class='ocrx_word' id='word_1_50' title='bbox 320 675 424 727; x_wconf 87' lang='lat' dir='ltr'>animus</span> <span class='ocrx_word' id='word_1_51' title='bbox 436 692 483 743; x_wconf 88' lang='lat' dir='ltr'>per</span> <span class='ocrx_word' id='word_1_52' title='bbox 494 692 522 726; x_wconf 85' lang='lat' dir='ltr'>so</span> <span class='ocrx_word' id='word_1_53' title='bbox 532 674 571 726; x_wconf 94' lang='lat' dir='ltr'>nil</span> <span class='ocrx_word' id='word_1_54' title='bbox 583 691 657 742; x_wconf 88' lang='lat' dir='ltr'>posse</span> <span class='ocrx_word' id='word_1_55' title='bbox 668 674 791 726; x_wconf 81' lang='lat' dir='ltr'>videtur:</span> 
     </span>
     <span class='ocr_line' id='line_1_9' title="bbox 72 737 704 810; baseline 0.008 -21"><span class='ocrx_word' id='word_1_56' title='bbox 72 737 212 808; x_wconf 81' lang='lat' dir='ltr'><strong>Nimirum,</strong></span> <span class='ocrx_word' id='word_1_57' title='bbox 226 742 287 809; x_wconf 89' lang='lat' dir='ltr'>quia</span> <span class='ocrx_word' id='word_1_58' title='bbox 298 760 345 810; x_wconf 91' lang='lat' dir='ltr'>per</span> <span class='ocrx_word' id='word_1_59' title='bbox 356 761 436 796; x_wconf 85' lang='lat' dir='ltr'>venas</span> <span class='ocrx_word' id='word_1_60' title='bbox 448 749 475 794; x_wconf 94' lang='lat' dir='ltr'>et</span> <span class='ocrx_word' id='word_1_61' title='bbox 487 743 585 795; x_wconf 83' lang='lat' dir='ltr'>viscera</span> <span class='ocrx_word' id='word_1_62' title='bbox 597 743 704 795; x_wconf 83' lang='lat' dir='ltr'><strong>mixtim</strong></span> 
     </span>
     <span class='ocr_line' id='line_1_10' title="bbox 73 807 779 879; baseline 0.008 -21"><span class='ocrx_word' id='word_1_63' title='bbox 73 807 123 859; x_wconf 89' lang='lat' dir='ltr'>Per</span> <span class='ocrx_word' id='word_1_64' title='bbox 135 826 227 862; x_wconf 89' lang='lat' dir='ltr'>nervos</span> <span class='ocrx_word' id='word_1_65' title='bbox 239 817 319 878; x_wconf 85' lang='lat' dir='ltr'>atque</span> <span class='ocrx_word' id='word_1_66' title='bbox 331 829 388 864; x_wconf 84' lang='lat' dir='ltr'>ossa</span> <span class='ocrx_word' id='word_1_67' title='bbox 400 818 525 864; x_wconf 86' lang='lat' dir='ltr'>tenentur</span> <span class='ocrx_word' id='word_1_68' title='bbox 537 828 643 879; x_wconf 88' lang='lat' dir='ltr'>corpore</span> <span class='ocrx_word' id='word_1_69' title='bbox 654 810 687 863; x_wconf 85' lang='lat' dir='ltr'>ab</span> <span class='ocrx_word' id='word_1_70' title='bbox 699 811 779 864; x_wconf 88' lang='lat' dir='ltr'>omni.</span> 
     </span>
     <span class='ocr_line' id='line_1_11' title="bbox 73 876 676 949; baseline 0.007 -22"><span class='ocrx_word' id='word_1_71' title='bbox 73 876 128 929; x_wconf 87' lang='lat' dir='ltr'>Nee</span> <span class='ocrx_word' id='word_1_72' title='bbox 140 881 243 946; x_wconf 86' lang='lat' dir='ltr'>magnis</span> <span class='ocrx_word' id='word_1_73' title='bbox 255 880 401 933; x_wconf 83' lang='lat' dir='ltr'>intervallis</span> <span class='ocrx_word' id='word_1_74' title='bbox 414 881 556 949; x_wconf 87' lang='lat' dir='ltr'>primordie</span> <span class='ocrx_word' id='word_1_75' title='bbox 569 886 676 949; x_wconf 85' lang='lat' dir='ltr'>possunt</span> 
     </span>
     <span class='ocr_line' id='line_1_12' title="bbox 73 943 692 1013; baseline 0.008 -17"><span class='ocrx_word' id='word_1_76' title='bbox 73 943 166 999; x_wconf 85' lang='lat' dir='ltr'>Libera</span> <span class='ocrx_word' id='word_1_77' title='bbox 178 949 315 1001; x_wconf 87' lang='lat' dir='ltr'>dissultare</span> <span class='ocrx_word' id='word_1_78' title='bbox 325 969 332 1013; x_wconf 80' lang='lat'><em>3</em></span> <span class='ocrx_word' id='word_1_79' title='bbox 350 950 407 1002; x_wconf 91' lang='lat' dir='ltr'>ideo</span> <span class='ocrx_word' id='word_1_80' title='bbox 421 950 542 1001; x_wconf 87' lang='lat' dir='ltr'>conclusa</span> <span class='ocrx_word' id='word_1_81' title='bbox 553 956 692 1002; x_wconf 87' lang='lat' dir='ltr'>moventur</span> 
     </span>
     <span class='ocr_line' id='line_1_13' title="bbox 73 1017 733 1088; baseline -0.005 -15"><span class='ocrx_word' id='word_1_82' title='bbox 73 1017 215 1073; x_wconf 79' lang='lat' dir='ltr'><strong>Semiferos</strong></span> <span class='ocrx_word' id='word_1_83' title='bbox 227 1025 314 1070; x_wconf 88' lang='lat' dir='ltr'>motus</span> <span class='ocrx_word' id='word_1_84' title='bbox 321 1037 328 1081; x_wconf 89' lang='lat'>;</span> <span class='ocrx_word' id='word_1_85' title='bbox 347 1036 410 1086; x_wconf 90' lang='lat' dir='ltr'>quos</span> <span class='ocrx_word' id='word_1_86' title='bbox 423 1025 499 1070; x_wconf 82' lang='lat' dir='ltr'>extra</span> <span class='ocrx_word' id='word_1_87' title='bbox 511 1036 603 1088; x_wconf 87' lang='lat' dir='ltr'>corpus</span> <span class='ocrx_word' id='word_1_88' title='bbox 615 1019 644 1070; x_wconf 90' lang='lat' dir='ltr'>in</span> <span class='ocrx_word' id='word_1_89' title='bbox 656 1035 733 1070; x_wconf 89' lang='lat' dir='ltr'>auras</span> 
     </span>
     <span class='ocr_line' id='line_1_14' title="bbox 73 1087 912 1156; baseline -0.002 -14"><span class='ocrx_word' id='word_1_90' title='bbox 73 1087 149 1142; x_wconf 73' lang='lat' dir='ltr'>Aeris</span> <span class='ocrx_word' id='word_1_91' title='bbox 161 1087 232 1138; x_wconf 90' lang='lat' dir='ltr'>haud</span> <span class='ocrx_word' id='word_1_92' title='bbox 245 1093 354 1155; x_wconf 80' lang='lat' dir='ltr'>possunt</span> <span class='ocrx_word' id='word_1_93' title='bbox 366 1093 424 1156; x_wconf 89' lang='lat' dir='ltr'>post</span> <span class='ocrx_word' id='word_1_94' title='bbox 436 1093 548 1139; x_wconf 90' lang='lat' dir='ltr'>mortem</span> <span class='ocrx_word' id='word_1_95' title='bbox 559 1089 643 1156; x_wconf 87' lang='lat' dir='ltr'>ejecta</span> <span class='ocrx_word' id='word_1_96' title='bbox 654 1104 772 1140; x_wconf 86' lang='lat' dir='ltr'>movere:</span> <span class='ocrx_word' id='word_1_97' title='bbox 861 1088 912 1142; x_wconf 89' lang='grc'><strong>570</strong></span> 
     </span>
     <span class='ocr_line' id='line_1_15' title="bbox 74 1157 701 1225; baseline -0.003 -15"><span class='ocrx_word' id='word_1_98' title='bbox 74 1158 215 1225; x_wconf 80' lang='lat' dir='ltr'>Propterea</span> <span class='ocrx_word' id='word_1_99' title='bbox 227 1157 290 1224; x_wconf 83' lang='lat' dir='ltr'>quia</span> <span class='ocrx_word' id='word_1_100' title='bbox 301 1173 354 1209; x_wconf 92' lang='lat' dir='ltr'>non</span> <span class='ocrx_word' id='word_1_101' title='bbox 367 1157 446 1208; x_wconf 88' lang='lat' dir='ltr'><strong>simili</strong></span> <span class='ocrx_word' id='word_1_102' title='bbox 458 1158 559 1209; x_wconf 88' lang='lat' dir='ltr'>ratione</span> <span class='ocrx_word' id='word_1_103' title='bbox 571 1162 701 1208; x_wconf 88' lang='lat' dir='ltr'>tenentur.</span> 
     </span>
     <span class='ocr_line' id='line_1_16' title="bbox 74 1223 782 1296; baseline -0.006 -16"><span class='ocrx_word' id='word_1_104' title='bbox 74 1226 172 1296; x_wconf 83' lang='lat' dir='ltr'>Corpus</span> <span class='ocrx_word' id='word_1_105' title='bbox 184 1225 255 1277; x_wconf 92' lang='lat' dir='ltr'>enim</span> <span class='ocrx_word' id='word_1_106' title='bbox 266 1232 347 1295; x_wconf 87' lang='lat' dir='ltr'>atque</span> <span class='ocrx_word' id='word_1_107' title='bbox 359 1226 475 1278; x_wconf 89' lang='lat' dir='ltr'>animam</span> <span class='ocrx_word' id='word_1_108' title='bbox 487 1226 550 1277; x_wconf 88' lang='lat' dir='ltr'>serit</span> <span class='ocrx_word' id='word_1_109' title='bbox 562 1227 614 1291; x_wconf 69' lang='lat' dir='ltr'>adr,</span> <span class='ocrx_word' id='word_1_110' title='bbox 628 1226 650 1276; x_wconf 87' lang='lat' dir='ltr'>si</span> <span class='ocrx_word' id='word_1_111' title='bbox 661 1223 782 1277; x_wconf 88' lang='lat' dir='ltr'>cohibere</span> 
     </span>
     <span class='ocr_line' id='line_1_17' title="bbox 74 1294 810 1363; baseline -0.005 -14"><span class='ocrx_word' id='word_1_112' title='bbox 74 1296 134 1349; x_wconf 84' lang='lat' dir='ltr'>Sese</span> <span class='ocrx_word' id='word_1_113' title='bbox 146 1295 241 1362; x_wconf 84' lang='lat' dir='ltr'>anima,</span> <span class='ocrx_word' id='word_1_114' title='bbox 254 1301 333 1363; x_wconf 90' lang='lat' dir='ltr'>atque</span> <span class='ocrx_word' id='word_1_115' title='bbox 345 1295 374 1346; x_wconf 94' lang='lat' dir='ltr'>in</span> <span class='ocrx_word' id='word_1_116' title='bbox 386 1312 428 1347; x_wconf 88' lang='lat' dir='ltr'>eos</span> <span class='ocrx_word' id='word_1_117' title='bbox 440 1296 537 1362; x_wconf 90' lang='lat' dir='ltr'>poterit</span> <span class='ocrx_word' id='word_1_118' title='bbox 549 1294 703 1347; x_wconf 81' lang='lat' dir='ltr'>concludere</span> <span class='ocrx_word' id='word_1_119' title='bbox 714 1299 810 1362; x_wconf 83' lang='lat' dir='ltr'>motus,</span> 
     </span>
     <span class='ocr_line' id='line_1_18' title="bbox 76 1362 737 1431; baseline -0.005 -14"><span class='ocrx_word' id='word_1_120' title='bbox 76 1365 146 1429; x_wconf 80' lang='lat' dir='ltr'>Quos</span> <span class='ocrx_word' id='word_1_121' title='bbox 158 1369 220 1416; x_wconf 85' lang='lat' dir='ltr'>ante</span> <span class='ocrx_word' id='word_1_122' title='bbox 231 1365 260 1414; x_wconf 91' lang='lat' dir='ltr'>in</span> <span class='ocrx_word' id='word_1_123' title='bbox 272 1365 358 1416; x_wconf 80' lang='lat' dir='ltr'>nervis</span> <span class='ocrx_word' id='word_1_124' title='bbox 371 1364 438 1416; x_wconf 91' lang='lat' dir='ltr'>etin</span> <span class='ocrx_word' id='word_1_125' title='bbox 450 1364 506 1431; x_wconf 89' lang='lat' dir='ltr'>ipso</span> <span class='ocrx_word' id='word_1_126' title='bbox 518 1381 623 1431; x_wconf 86' lang='lat' dir='ltr'>corpore</span> <span class='ocrx_word' id='word_1_127' title='bbox 635 1362 737 1429; x_wconf 81' lang='lat' dir='ltr'>agebat</span> 
     </span>
     <span class='ocr_line' id='line_1_19' title="bbox 75 1431 780 1500; baseline -0.003 -15"><span class='ocrx_word' id='word_1_128' title='bbox 75 1434 161 1497; x_wconf 81' lang='lat' dir='ltr'>Quare</span> <span class='ocrx_word' id='word_1_129' title='bbox 173 1432 253 1484; x_wconf 89' lang='lat' dir='ltr'>etiam</span> <span class='ocrx_word' id='word_1_130' title='bbox 265 1439 345 1500; x_wconf 87' lang='lat' dir='ltr'>atque</span> <span class='ocrx_word' id='word_1_131' title='bbox 356 1433 444 1500; x_wconf 87' lang='lat' dir='ltr'>etiam,</span> <span class='ocrx_word' id='word_1_132' title='bbox 456 1433 570 1485; x_wconf 87' lang='lat' dir='ltr'>resoluto</span> <span class='ocrx_word' id='word_1_133' title='bbox 582 1431 694 1500; x_wconf 84' lang='lat' dir='ltr'>eorporis</span> <span class='ocrx_word' id='word_1_134' title='bbox 706 1431 780 1483; x_wconf 92' lang='lat' dir='ltr'>omni</span> 
     </span>
     <span class='ocr_line' id='line_1_20' title="bbox 74 1501 660 1570; baseline -0.003 -16"><span class='ocrx_word' id='word_1_135' title='bbox 74 1502 207 1570; x_wconf 76' lang='lat' dir='ltr'>Tegmine,</span> <span class='ocrx_word' id='word_1_136' title='bbox 219 1506 246 1553; x_wconf 87' lang='lat' dir='ltr'>et</span> <span class='ocrx_word' id='word_1_137' title='bbox 258 1501 346 1570; x_wconf 86' lang='lat' dir='ltr'>ejectis</span> <span class='ocrx_word' id='word_1_138' title='bbox 358 1507 434 1554; x_wconf 78' lang='lat' dir='ltr'>extra</span> <span class='ocrx_word' id='word_1_139' title='bbox 446 1501 570 1554; x_wconf 83' lang='lat' dir='ltr'>vitalibus</span> <span class='ocrx_word' id='word_1_140' title='bbox 582 1501 660 1567; x_wconf 86' lang='lat' dir='ltr'>auris,</span> 
     </span>
     <span class='ocr_line' id='line_1_21' title="bbox 74 1571 668 1636; baseline 0 -14"><span class='ocrx_word' id='word_1_141' title='bbox 74 1571 187 1628; x_wconf 85' lang='lat' dir='ltr'>Dissolvi</span> <span class='ocrx_word' id='word_1_142' title='bbox 200 1587 288 1622; x_wconf 84' lang='lat' dir='ltr'>seusus</span> <span class='ocrx_word' id='word_1_143' title='bbox 301 1571 383 1623; x_wconf 90' lang='lat' dir='ltr'>animi</span> <span class='ocrx_word' id='word_1_144' title='bbox 395 1571 494 1623; x_wconf 86' lang='lat' dir='ltr'>fateare</span> <span class='ocrx_word' id='word_1_145' title='bbox 506 1587 609 1623; x_wconf 87' lang='lat' dir='ltr'>neeesse</span> <span class='ocrx_word' id='word_1_146' title='bbox 621 1575 668 1636; x_wconf 87' lang='lat' dir='ltr'>est,</span> 
     </span>
     <span class='ocr_line' id='line_1_22' title="bbox 74 1636 849 1708; baseline 0.001 -17"><span class='ocrx_word' id='word_1_147' title='bbox 74 1638 162 1708; x_wconf 80' lang='lat' dir='ltr'>Atque</span> <span class='ocrx_word' id='word_1_148' title='bbox 173 1639 296 1706; x_wconf 86' lang='lat' dir='ltr'>animam,</span> <span class='ocrx_word' id='word_1_149' title='bbox 309 1641 433 1707; x_wconf 90' lang='lat' dir='ltr'>quoniam</span> <span class='ocrx_word' id='word_1_150' title='bbox 446 1642 586 1708; x_wconf 85' lang='lat' dir='ltr'>conjuncta</span> <span class='ocrx_word' id='word_1_151' title='bbox 598 1646 638 1690; x_wconf 86' lang='lat' dir='ltr'>est</span> <span class='ocrx_word' id='word_1_152' title='bbox 649 1655 728 1690; x_wconf 84' lang='lat' dir='ltr'>causa</span> <span class='ocrx_word' id='word_1_153' title='bbox 740 1636 849 1692; x_wconf 89' lang='lat' dir='ltr'>duobus.</span> 
     </span>
     <span class='ocr_line' id='line_1_23' title="bbox 110 1708 792 1777; baseline 0.003 -18"><span class='ocrx_word' id='word_1_154' title='bbox 110 1709 229 1776; x_wconf 90' lang='lat' dir='ltr'>Denique</span> <span class='ocrx_word' id='word_1_155' title='bbox 241 1726 323 1776; x_wconf 92' lang='lat' dir='ltr'>quum</span> <span class='ocrx_word' id='word_1_156' title='bbox 335 1727 427 1777; x_wconf 87' lang='lat' dir='ltr'>corpus</span> <span class='ocrx_word' id='word_1_157' title='bbox 439 1716 553 1776; x_wconf 86' lang='lat' dir='ltr'>nequeat</span> <span class='ocrx_word' id='word_1_158' title='bbox 564 1709 678 1776; x_wconf 82' lang='lat' dir='ltr'>perferre</span> <span class='ocrx_word' id='word_1_159' title='bbox 690 1708 792 1761; x_wconf 82' lang='lat' dir='ltr'>animai</span> 
     </span>
     <span class='ocr_line' id='line_1_24' title="bbox 74 1777 915 1845; baseline 0 -15"><span class='ocrx_word' id='word_1_160' title='bbox 74 1777 229 1844; x_wconf 87' lang='lat' dir='ltr'>Discidium,</span> <span class='ocrx_word' id='word_1_161' title='bbox 242 1779 305 1845; x_wconf 93' lang='lat' dir='ltr'>quin</span> <span class='ocrx_word' id='word_1_162' title='bbox 317 1779 346 1830; x_wconf 90' lang='lat' dir='ltr'>in</span> <span class='ocrx_word' id='word_1_163' title='bbox 358 1784 426 1830; x_wconf 88' lang='lat' dir='ltr'>tetro</span> <span class='ocrx_word' id='word_1_164' title='bbox 438 1778 556 1830; x_wconf 86' lang='lat' dir='ltr'>tabescat</span> <span class='ocrx_word' id='word_1_165' title='bbox 568 1778 659 1840; x_wconf 90' lang='lat' dir='ltr'>odore;</span> <span class='ocrx_word' id='word_1_166' title='bbox 862 1780 915 1830; x_wconf 87' lang='grc'><strong>580</strong></span> 
     </span>
     <span class='ocr_line' id='line_1_25' title="bbox 75 1847 741 1915; baseline -0.003 -16"><span class='ocrx_word' id='word_1_167' title='bbox 75 1847 145 1911; x_wconf 80' lang='lat' dir='ltr'>Quid</span> <span class='ocrx_word' id='word_1_168' title='bbox 157 1847 269 1912; x_wconf 84' lang='lat' dir='ltr'>dubitas,</span> <span class='ocrx_word' id='word_1_169' title='bbox 282 1848 354 1914; x_wconf 89' lang='lat' dir='ltr'>quin,</span> <span class='ocrx_word' id='word_1_170' title='bbox 367 1865 400 1900; x_wconf 86' lang='lat' dir='ltr'>ex</span> <span class='ocrx_word' id='word_1_171' title='bbox 412 1848 464 1898; x_wconf 92' lang='lat' dir='ltr'>imo</span> <span class='ocrx_word' id='word_1_172' title='bbox 476 1847 634 1915; x_wconf 89' lang='lat' dir='ltr'>penitusque</span> <span class='ocrx_word' id='word_1_173' title='bbox 646 1850 741 1913; x_wconf 82' lang='lat' dir='ltr'>coorta,</span> 
     </span>
     <span class='ocr_line' id='line_1_26' title="bbox 74 1914 668 1983; baseline 0 -15"><span class='ocrx_word' id='word_1_174' title='bbox 74 1915 219 1983; x_wconf 85' lang='lat' dir='ltr'>Emanarit,</span> <span class='ocrx_word' id='word_1_175' title='bbox 231 1916 273 1967; x_wconf 88' lang='lat' dir='ltr'>uti</span> <span class='ocrx_word' id='word_1_176' title='bbox 284 1917 381 1983; x_wconf 82' lang='lat' dir='ltr'>fumus,</span> <span class='ocrx_word' id='word_1_177' title='bbox 393 1916 488 1968; x_wconf 88' lang='lat' dir='ltr'>diffusa</span> <span class='ocrx_word' id='word_1_178' title='bbox 500 1917 595 1967; x_wconf 87' lang='lat' dir='ltr'>animae</span> <span class='ocrx_word' id='word_1_179' title='bbox 609 1914 668 1968; x_wconf 75' lang='lat' dir='ltr'>visi</span> 
     </span>
     <span class='ocr_line' id='line_1_27' title="bbox 74 1986 647 2054; baseline -0.002 -17"><span class='ocrx_word' id='word_1_180' title='bbox 74 1986 162 2054; x_wconf 83' lang='lat' dir='ltr'>Atque</span> <span class='ocrx_word' id='word_1_181' title='bbox 174 1986 232 2037; x_wconf 86' lang='lat' dir='ltr'>ideo</span> <span class='ocrx_word' id='word_1_182' title='bbox 244 1990 320 2037; x_wconf 88' lang='lat' dir='ltr'>tanta</span> <span class='ocrx_word' id='word_1_183' title='bbox 331 1991 465 2037; x_wconf 88' lang='lat' dir='ltr'>mutatum</span> <span class='ocrx_word' id='word_1_184' title='bbox 478 1991 556 2052; x_wconf 90' lang='lat' dir='ltr'>putre</span> <span class='ocrx_word' id='word_1_185' title='bbox 567 1986 647 2036; x_wconf 87' lang='lat' dir='ltr'>ruina</span> 
     </span>
     <span class='ocr_line' id='line_1_28' title="bbox 75 2053 753 2121; baseline -0.003 -15"><span class='ocrx_word' id='word_1_186' title='bbox 75 2054 223 2106; x_wconf 80' lang='lat' dir='ltr'>Conciderit</span> <span class='ocrx_word' id='word_1_187' title='bbox 235 2070 327 2120; x_wconf 89' lang='lat' dir='ltr'>corpus</span> <span class='ocrx_word' id='word_1_188' title='bbox 338 2054 451 2121; x_wconf 91' lang='lat' dir='ltr'>penitus,</span> <span class='ocrx_word' id='word_1_189' title='bbox 464 2054 527 2121; x_wconf 92' lang='lat' dir='ltr'>quia</span> <span class='ocrx_word' id='word_1_190' title='bbox 538 2060 611 2106; x_wconf 90' lang='lat' dir='ltr'>mota</span> <span class='ocrx_word' id='word_1_191' title='bbox 622 2053 678 2105; x_wconf 89' lang='lat' dir='ltr'>loco</span> <span class='ocrx_word' id='word_1_192' title='bbox 690 2057 753 2104; x_wconf 89' lang='lat' dir='ltr'>sunt</span> 
     </span>
     <span class='ocr_line' id='line_1_29' title="bbox 74 2123 779 2190; baseline -0.001 -15"><span class='ocrx_word' id='word_1_193' title='bbox 74 2123 265 2188; x_wconf 82' lang='lat' dir='ltr'>Fundamenta,</span> <span class='ocrx_word' id='word_1_194' title='bbox 277 2123 346 2173; x_wconf 88' lang='lat' dir='ltr'>foras</span> <span class='ocrx_word' id='word_1_195' title='bbox 358 2129 468 2174; x_wconf 85' lang='lat' dir='ltr'>manent</span> <span class='ocrx_word' id='word_1_196' title='bbox 481 2123 628 2189; x_wconf 87' lang='lat' dir='ltr'>animaeque</span> <span class='ocrx_word' id='word_1_197' title='bbox 639 2139 686 2190; x_wconf 90' lang='lat' dir='ltr'>per</span> <span class='ocrx_word' id='word_1_198' title='bbox 698 2129 779 2188; x_wconf 88' lang='lat' dir='ltr'>artus,</span> 
     </span>
     <span class='ocr_line' id='line_1_30' title="bbox 74 2191 792 2261; baseline -0.003 -16"><span class='ocrx_word' id='word_1_199' title='bbox 74 2193 176 2261; x_wconf 86' lang='lat' dir='ltr'>Perque</span> <span class='ocrx_word' id='word_1_200' title='bbox 188 2193 290 2245; x_wconf 83' lang='lat' dir='ltr'>viarum</span> <span class='ocrx_word' id='word_1_201' title='bbox 302 2208 391 2243; x_wconf 88' lang='lat' dir='ltr'>omncs</span> <span class='ocrx_word' id='word_1_202' title='bbox 402 2191 494 2258; x_wconf 84' lang='lat' dir='ltr'>flexus,</span> <span class='ocrx_word' id='word_1_203' title='bbox 507 2193 535 2243; x_wconf 89' lang='lat' dir='ltr'>in</span> <span class='ocrx_word' id='word_1_204' title='bbox 547 2209 652 2260; x_wconf 84' lang='lat' dir='ltr'>corpore</span> <span class='ocrx_word' id='word_1_205' title='bbox 665 2191 710 2258; x_wconf 91' lang='lat' dir='ltr'>qui</span> <span class='ocrx_word' id='word_1_206' title='bbox 722 2197 792 2258; x_wconf 91' lang='lat' dir='ltr'>sunt,</span> 
     </span>
     <span class='ocr_line' id='line_1_31' title="bbox 74 2260 755 2331; baseline -0.006 -17"><span class='ocrx_word' id='word_1_207' title='bbox 74 2262 162 2331; x_wconf 86' lang='lat' dir='ltr'>Atque</span> <span class='ocrx_word' id='word_1_208' title='bbox 174 2260 322 2314; x_wconf 75' lang='lat' dir='ltr'>feruminat</span> <span class='ocrx_word' id='word_1_209' title='bbox 340 2261 503 2312; x_wconf 90' lang='lat' dir='ltr'>multimodis</span> <span class='ocrx_word' id='word_1_210' title='bbox 515 2267 545 2312; x_wconf 90' lang='lat' dir='ltr'>ut</span> <span class='ocrx_word' id='word_1_211' title='bbox 557 2278 662 2313; x_wconf 87' lang='lat' dir='ltr'>noscere</span> <span class='ocrx_word' id='word_1_212' title='bbox 674 2260 755 2327; x_wconf 86' lang='lat' dir='ltr'>possis</span> 
     </span>
     <span class='ocr_line' id='line_1_32' title="bbox 74 2330 741 2400; baseline -0.006 -17"><span class='ocrx_word' id='word_1_213' title='bbox 74 2330 245 2400; x_wconf 86' lang='lat' dir='ltr'>Dispertitam</span> <span class='ocrx_word' id='word_1_214' title='bbox 258 2330 352 2381; x_wconf 86' lang='lat' dir='ltr'>animae</span> <span class='ocrx_word' id='word_1_215' title='bbox 364 2335 487 2382; x_wconf 88' lang='lat' dir='ltr'>naturam</span> <span class='ocrx_word' id='word_1_216' title='bbox 499 2330 583 2381; x_wconf 84' lang='lat' dir='ltr'>exisse</span> <span class='ocrx_word' id='word_1_217' title='bbox 595 2347 642 2397; x_wconf 91' lang='lat' dir='ltr'>per</span> <span class='ocrx_word' id='word_1_218' title='bbox 653 2335 741 2393; x_wconf 81' lang='lat' dir='ltr'>artus;</span> 
     </span>
     <span class='ocr_line' id='line_1_33' title="bbox 73 2398 720 2468; baseline -0.002 -18"><span class='ocrx_word' id='word_1_219' title='bbox 73 2399 110 2452; x_wconf 88' lang='lat' dir='ltr'>Et</span> <span class='ocrx_word' id='word_1_220' title='bbox 121 2401 194 2468; x_wconf 90' lang='lat' dir='ltr'>prius</span> <span class='ocrx_word' id='word_1_221' title='bbox 206 2417 260 2451; x_wconf 87' lang='lat' dir='ltr'>esse</span> <span class='ocrx_word' id='word_1_222' title='bbox 272 2399 322 2450; x_wconf 89' lang='lat' dir='ltr'>sibi</span> <span class='ocrx_word' id='word_1_223' title='bbox 334 2399 486 2451; x_wconf 89' lang='lat' dir='ltr'>distractam</span> <span class='ocrx_word' id='word_1_224' title='bbox 499 2416 604 2467; x_wconf 88' lang='lat' dir='ltr'>corpore</span> <span class='ocrx_word' id='word_1_225' title='bbox 615 2399 645 2449; x_wconf 92' lang='lat' dir='ltr'>in</span> <span class='ocrx_word' id='word_1_226' title='bbox 656 2398 720 2465; x_wconf 91' lang='lat' dir='ltr'>ipso,</span> 
     </span>
     <span class='ocr_line' id='line_1_34' title="bbox 54 2467 914 2537; baseline 0 -18"><span class='ocrx_word' id='word_1_227' title='bbox 54 2467 163 2528; x_wconf 59' lang='lat' dir='ltr'>vQuem</span> <span class='ocrx_word' id='word_1_228' title='bbox 174 2468 295 2537; x_wconf 80' lang='lat' dir='ltr'>prolapsa</span> <span class='ocrx_word' id='word_1_229' title='bbox 305 2468 374 2520; x_wconf 84' lang='lat' dir='ltr'>foras</span> <span class='ocrx_word' id='word_1_230' title='bbox 386 2475 477 2520; x_wconf 87' lang='lat' dir='ltr'>enaret</span> <span class='ocrx_word' id='word_1_231' title='bbox 489 2468 517 2518; x_wconf 95' lang='lat' dir='ltr'>in</span> <span class='ocrx_word' id='word_1_232' title='bbox 529 2467 597 2520; x_wconf 72' lang='lat' dir='ltr'>acris</span> <span class='ocrx_word' id='word_1_233' title='bbox 609 2467 703 2519; x_wconf 88' lang='lat' dir='ltr'>aurasl</span> <span class='ocrx_word' id='word_1_234' title='bbox 863 2472 914 2521; x_wconf 84' lang='grc'>500</span> 
     </span>
     <span class='ocr_line' id='line_1_35' title="bbox 109 2536 719 2603; baseline -0.002 -15"><span class='ocrx_word' id='word_1_235' title='bbox 109 2537 180 2600; x_wconf 85' lang='lat' dir='ltr'>Quin</span> <span class='ocrx_word' id='word_1_236' title='bbox 193 2537 280 2603; x_wconf 92' lang='lat' dir='ltr'>etiam,</span> <span class='ocrx_word' id='word_1_237' title='bbox 293 2537 352 2588; x_wconf 90' lang='lat' dir='ltr'>finis</span> <span class='ocrx_word' id='word_1_238' title='bbox 365 2538 429 2588; x_wconf 91' lang='lat' dir='ltr'>dum</span> <span class='ocrx_word' id='word_1_239' title='bbox 441 2537 503 2588; x_wconf 87' lang='lat' dir='ltr'>vites</span> <span class='ocrx_word' id='word_1_240' title='bbox 515 2536 629 2588; x_wconf 84' lang='lat' dir='ltr'>vertitur</span> <span class='ocrx_word' id='word_1_241' title='bbox 641 2536 719 2601; x_wconf 83' lang='lat' dir='ltr'>intra,</span> 
     </span>
     <span class='ocr_line' id='line_1_36' title="bbox 74 2604 727 2673; baseline -0.005 -16"><span class='ocrx_word' id='word_1_242' title='bbox 74 2604 148 2673; x_wconf 84' lang='lat' dir='ltr'>Saepe</span> <span class='ocrx_word' id='word_1_243' title='bbox 159 2606 249 2673; x_wconf 87' lang='lat' dir='ltr'>eliqua</span> <span class='ocrx_word' id='word_1_244' title='bbox 260 2611 349 2658; x_wconf 86' lang='lat' dir='ltr'>tamen</span> <span class='ocrx_word' id='word_1_245' title='bbox 362 2623 376 2657; x_wconf 91' lang='lat' dir='ltr'>e</span> <span class='ocrx_word' id='word_1_246' title='bbox 389 2623 468 2657; x_wconf 84' lang='lat' dir='ltr'>causa</span> <span class='ocrx_word' id='word_1_247' title='bbox 479 2604 609 2657; x_wconf 84' lang='lat' dir='ltr'>labefacta</span> <span class='ocrx_word' id='word_1_248' title='bbox 621 2605 727 2656; x_wconf 81' lang='lat' dir='ltr'>videtur</span> 
     </span>
     <span class='ocr_line' id='line_1_37' title="bbox 65 2673 711 2743; baseline -0.002 -19"><span class='ocrx_word' id='word_1_249' title='bbox 65 2673 112 2727; x_wconf 84' lang='lat' dir='ltr'>Ire</span> <span class='ocrx_word' id='word_1_250' title='bbox 122 2674 219 2743; x_wconf 76' lang='lat' dir='ltr'>anrina,</span> <span class='ocrx_word' id='word_1_251' title='bbox 234 2680 262 2727; x_wconf 86' lang='lat' dir='ltr'>et</span> <span class='ocrx_word' id='word_1_252' title='bbox 274 2680 329 2727; x_wconf 91' lang='lat' dir='ltr'>toto</span> <span class='ocrx_word' id='word_1_253' title='bbox 342 2675 408 2726; x_wconf 87' lang='lat' dir='ltr'>solvi</span> <span class='ocrx_word' id='word_1_254' title='bbox 420 2674 452 2726; x_wconf 92' lang='lat' dir='ltr'>de</span> <span class='ocrx_word' id='word_1_255' title='bbox 464 2690 569 2741; x_wconf 88' lang='lat' dir='ltr'>corpore</span> <span class='ocrx_word' id='word_1_256' title='bbox 581 2673 697 2724; x_wconf 86' lang='lat' dir='ltr'>membra</span> <span class='ocrx_word' id='word_1_257' title='bbox 704 2691 711 2736; x_wconf 89' lang='lat'>;</span> 
     </span>
    </p>
   </div>
   <div class='ocr_carea' id='block_1_3' title="bbox 0 0 972 2964">
    <p class='ocr_par' dir='ltr' id='par_1_3' title="bbox 0 0 972 2964">
     <span class='ocr_line' id='line_1_38' title="bbox 0 0 972 2964; baseline 0 0"><span class='ocrx_word' id='word_1_258' title='bbox 0 0 972 2964; x_wconf 95' lang='lat' dir='ltr'> </span> 
     </span>
    </p>
   </div>
  </div>
 </body>
</html>
