1964 2970
129 147 180 197 142
439 140 468 195 Ψ.
486 140 654 195 occasun
730 155 733 159 ’

128 245 198 309 Quos
209 243 323 296 retinere
334 241 435 309 volunt,
447 241 642 311 assumptusque
655 258 709 294 esse
720 241 750 294 in
761 257 864 296 umore:

129 313 314 381 Nequidquam
320 331 328 376 3
340 311 464 379 quonium
475 317 507 364 tu
518 312 606 363 animo
618 318 708 363 tomen
720 311 809 393 omnis
820 329 909 380 posses

129 382 284 434 Protruhere
295 381 324 432 in
335 380 428 447 lucem,
440 386 521 448 utque
532 397 621 431 omnes
633 379 764 448 inquirere
775 397 851 435 neus.
905 378 918 397 '

129 450 172 518 Et,
185 452 206 502 si
219 449 287 502 bello
299 449 387 501 enimc
398 454 445 515 est,
457 454 485 501 et
496 465 550 500 non
562 448 650 500 odiose
662 448 785 516 vicissim,

130 519 334 572 Praetermittere
345 523 373 570 te
384 517 507 570 humenis
519 517 660 571 concedere
671 517 756 570 rebus.

164 588 190 640 N
191 605 219 640 ec
231 587 326 638 mulier
338 603 439 654 semper
449 587 512 638 ficto
524 586 638 654 suspiret
650 603 745 652 umore,

131 656 195 720 Ques
208 655 344 723 complexe
355 655 406 706 viri
418 671 512 723 corpus
523 671 584 707 cum
596 671 702 724 corpore
710 655 810 722 jungit,

129 725 165 777 Et
177 730 250 777 tenet
262 724 373 776 assuetis
384 725 540 776 humectans
552 723 640 776 oscula
651 722 738 776 labris
900 728 967 781 1190

129 793 199 847 Nem
210 793 276 844 facit
287 809 321 844 ex
333 793 421 844 animo
433 809 517 860 seepe3
534 797 562 844 et
574 792 723 844 communio
735 808 855 860 quserens

131 862 241 927 Gaudia,
253 861 378 913 sollicitet
390 879 402 912 s
420 861 506 913 stium
517 860 653 913 decurrere
665 862 768 914 umoris

130 931 156 982 N
157 948 186 983 ec
197 930 298 983 ratione
309 930 363 982 elis
374 878 499 996 volucres,
511 935 638 994 ments,
650 929 772 998 fereeque,

130 1000 166 1052 Et
178 999 290 1067 pecudes
302 1004 329 1051 et
340 1014 413 1067 equae
425 997 542 1049 muribus
553 997 687 1051 subsidere
699 1002 812 1066 possent,

131 1068 160 1122 si
171 1086 231 1135 non,
243 1067 301 1136 ipss
312 1067 381 1134 quod
393 1067 498 1118 illorum
510 1066 595 1132 subet,
607 1067 683 1119 ardet
694 1065 832 1121 abundans

131 1138 241 1200 Nature,
253 1142 281 1188 et
293 1136 421 1188 Venerem
434 1135 575 1188 salientum
586 1135 647 1188 laete
659 1141 812 1188 retractent.

166 1207 260 1259 Nonne
271 1205 353 1272 vides,
364 1204 480 1270 Memmi,
490 1221 555 1272 quos
566 1210 661 1257 mutus
672 1221 741 1272 seepe
753 1204 816 1257 volu
834 1211 878 1258 tes

133 1276 235 1340 Vinxit,
247 1275 319 1326 utin
331 1273 425 1326 sinclis
437 1272 618 1325 communibus
630 1221 835 1327 excrucienturl
898 1270 902 1277 ’

133 1345 167 1396 In
179 1343 265 1396 triviis
277 1360 359 1410 quum
372 1358 439 1410 saepe
451 1359 535 1409 cenes,
547 1341 680 1394 discedere
691 1347 807 1410 urentes,

132 1413 236 1466 Diversi
248 1412 342 1479 cupide
354 1411 461 1463 summis
472 1427 506 1463 ex
518 1410 610 1462 viribu'
623 1410 744 1476 tendunt,
903 1413 971 1465 1200

135 1482 221 1545 Quum
234 1481 334 1532 interes
348 1480 441 1533 validis
453 1479 561 1532 Veneris
573 1479 742 1548 compagibus
753 1478 875 1534 haerenti

134 1550 210 1614 Quod
222 1549 339 1602 fecerent
351 1566 496 1615 nunquam,
508 1548 559 1599 nisi
570 1555 664 1600 mutue
676 1549 774 1616 gaudie
785 1554 901 1619 nossent

135 1619 199 1682 Quae
208 1620 296 1686 jacere
307 1618 336 1668 in
348 1617 468 1669 fraudem
480 1623 592 1685 possent,
605 1617 758 1685 vinctosque
769 1623 868 1670 tenere.

136 1687 220 1750 Quare
233 1687 313 1738 etism
325 1692 404 1753 utque
416 1687 503 1752 etism,
513 1693 545 1737 ut
557 1686 621 1752 dico,
630 1693 669 1738 est
681 1686 821 1738 commuui’
830 1686 964 1756 voluptas.

170 1756 205 1807 Et
218 1754 407 1807 commiscendo
421 1772 502 1821 quum
514 1755 612 1807 semine
624 1755 691 1806 forte
703 1755 778 1807 virile

135 1824 245 1876 Femina
256 1824 310 1876 vim
322 1823 421 1874 mulsit
433 1823 520 1875 subite
531 1823 565 1891 vi,
578 1824 770 1891 corripuitque;

136 1894 202 1945 Tum
214 1893 310 1945 similes
322 1898 439 1944 matrum
449 1899 567 1944 materno
580 1893 677 1944 semine
688 1893 763 1960 fiunt,

136 1963 173 2015 Ut
185 1961 304 2031 patribus
316 1961 414 2028 patrio:
433 1961 478 2013 sed
490 1978 553 2028 quos
565 1961 701 2030 utriusque
712 1962 804 2029 figuris

135 2031 198 2084 Esse
210 2030 283 2083 vides
291 2030 400 2097 juxtim,
412 2029 550 2081 miscentes
562 2031 634 2083 volta
646 2037 793 2099 parentum,

137 2100 246 2168 Corpore
259 2099 291 2150 de
303 2098 387 2167 patrio
400 2105 427 2149 et
439 2104 557 2150 materno
570 2101 697 2166 sanguine
710 2104 844 2164 crescunt;
908 2103 942 2154 12

137 2169 242 2222 Semina
254 2185 336 2235 quum
344 2166 453 2217 Veneris
465 2167 579 2219 stimulis
591 2169 679 2220 excito
691 2186 737 2237 per
749 2174 823 2221 ortus

137 2239 221 2291 Obvia
232 2236 351 2289 conflixit
363 2236 513 2303 conspirans
526 2242 634 2289 mutuus
647 2237 731 2304 ardor,

137 2307 173 2359 Et
182 2323 265 2374 neque
275 2312 364 2357 utrum
374 2305 507 2372 superavit
517 2323 612 2372 eorum,
622 2323 670 2358 nec
680 2311 832 2374 superatum
839 2313 888 2361 est.

172 2376 217 2427 Fit
230 2391 339 2442 quoque,
352 2379 383 2425 ut
395 2373 528 2424 interdum
541 2375 637 2426 similes
649 2376 774 2427 exsistere
786 2393 896 2429 urorum

138 2443 249 2510 Possint,
262 2449 288 2494 et
300 2443 414 2494 referent
427 2460 582 2510 proavorum
594 2461 661 2512 saepe
673 2444 777 2510 figuras,
862 2474 867 2483 ·

138 2513 279 2580 Propterea
290 2512 352 2578 quis
363 2511 450 2563 multe
461 2512 544 2563 modis
556 2513 698 2579 primordie
709 2513 801 2565 multis

124 2581 219 2633 lutra
231 2598 280 2633 suo
292 2580 382 2634 celent
394 2580 424 2634 in
435 2598 542 2651 corpore
553 2598 621 2649 sepe
632 2588 760 2648 putentes,

114 2649 182 2714 Quoe
190 2651 325 2721 patribus
336 2660 432 2725 patres
445 2653 564 2708 trudunt
575 2670 593 2704 u
604 2652 688 2717 stirpe
697 2650 826 2717 prolecto„
