1928 2964
329 157 437 210 LIBER
455 157 616 222 QUINTUS.
844 161 895 214 17³

56 231 131 309 Inter
143 273 170 310 se
181 256 301 325 pecudes,
314 265 499 326 compactaque
511 258 628 311 membra
640 259 819 311 animantum:

56 325 198 393 Propterea
210 326 278 393 quia,
291 343 349 393 quae
362 327 395 378 de
406 327 482 378 terris
494 344 565 378 nunc
578 345 680 395 quoque
692 327 828 380 abundant

56 393 206 447 Herbarum
217 411 312 461 genera
324 413 355 448 ac
366 396 455 462 fruges
467 396 623 464 arbustaque
635 395 704 464 laeta,

55 464 116 516 Non
126 468 215 515 tamen
227 463 296 514 inter
308 481 334 515 se
346 470 455 531 possunt
467 464 603 532 complexa
615 465 704 518 creari.
842 466 894 516 920

56 532 107 584 Sed
120 532 142 582 si
154 548 262 600 quaque
275 549 321 583 suo
332 533 387 583 ritu
399 532 523 599 procedit,
536 539 563 584 ct
575 549 663 584 omnes

56 600 165 652 Foedere
176 607 279 651 naturae
292 606 362 652 certo
374 600 524 653 discrimina
537 607 648 655 servant.

91 669 127 720 Et
139 685 222 735 genus
234 668 381 720 humanum
393 669 476 720 multo
488 669 541 721 fuit
552 669 619 720 illud
630 670 659 720 in
671 687 740 722 arms

56 736 163 802 Durius,
175 743 207 788 ut
219 737 315 802 decuit,
327 736 406 789 tellus
419 737 489 805 quod
501 737 566 789 dura
578 751 705 802 creussen

56 804 92 856 Et
104 805 245 872 majoribus
257 812 284 857 ot
296 805 385 858 solidis
396 806 480 872 magis
492 805 590 858 ossibus
602 806 675 858 intus

56 872 218 939 Fundatum,
230 879 258 925 et
269 874 363 926 validis
375 880 468 940 aptum
480 891 526 941 per
538 874 636 926 viscera
648 874 734 927 nervis
741 893 748 938 ;

56 941 112 992 Nec
124 941 201 993 facile
214 959 248 994 ex
259 948 332 1008 aestu,
344 959 392 993 ncc
404 942 499 1009 frigore
513 942 581 1008 quod
594 958 738 1010 caperetur,

56 1010 83 1062 N
83 1027 112 1061 ec
125 1011 242 1063 novitate
255 1011 313 1076 cibi,
326 1027 374 1062 nec
386 1010 440 1062 labi
452 1011 564 1077 corporis
576 1010 639 1063 ulla.

93 1077 233 1146 Multaque
245 1096 290 1145 per
302 1079 396 1130 coelum
409 1079 468 1130 solis
481 1079 612 1130 volventia
624 1079 707 1132 lustra

57 1147 206 1214 Vulgivago
218 1147 301 1198 vitam
312 1146 462 1200 tractabant
474 1163 544 1199 more
555 1147 678 1200 ferarum
840 1151 892 1201 930

56 1215 83 1267 N
83 1232 113 1267 ec
124 1215 246 1266 robustus
258 1221 314 1266 erat
327 1215 400 1266 curvi
413 1215 559 1266 moderator
570 1216 652 1267 aratri

58 1284 213 1351 Quisquam,
225 1301 273 1336 nec
286 1283 368 1335 scibat
380 1285 448 1335 ferro
461 1284 575 1335 molirier
587 1302 657 1347 arva,

56 1352 113 1403 Nec
125 1369 193 1404 nova
205 1352 326 1404 defodere
338 1353 366 1403 in
378 1358 475 1404 terram
487 1352 609 1418 virgulta,
621 1368 707 1421 neque
718 1352 780 1404 altis

56 1421 200 1473 Arboribus
213 1427 312 1473 veteres
324 1421 442 1472 decidere
454 1419 559 1472 falcibu'
571 1438 662 1473 ramos.

58 1489 137 1549 Quod
149 1488 186 1540 sol
199 1495 277 1556 atque
290 1489 384 1540 imbres
396 1489 529 1554 dederant,
542 1489 610 1557 quod
622 1495 692 1541 terra
704 1493 804 1541 crearat

56 1557 156 1624 Sponte
168 1574 221 1623 sua,
234 1558 298 1609 satis
309 1558 337 1608 id
350 1557 471 1625 placabat
484 1564 589 1624 pectora
601 1558 710 1609 donum:

58 1625 222 1678 Glandiferas
234 1626 304 1678 iuter
316 1625 443 1678 curabant
456 1643 561 1692 corpora
574 1643 684 1693 quercus

57 1694 229 1761 Plerumquc3
248 1702 282 1760 et,
295 1712 353 1762 quae
365 1710 437 1745 nunc
448 1693 556 1745 hiberno
569 1700 684 1763 tempore
696 1695 787 1761 cernis,

57 1763 160 1815 Arbuta
172 1764 280 1830 puniceo
292 1764 348 1814 fieri
360 1770 464 1814 matura
476 1763 566 1826 colore,

57 1830 176 1882 Plurima
187 1835 245 1882 tum
257 1832 336 1883 tellus
348 1832 428 1884 ctiam
439 1833 538 1897 majora
549 1830 663 1894 ferebat3
840 1834 890 1882 {th

56 1898 195 1966 Multaque
206 1907 331 1967 praterea
342 1899 444 1951 novitas
456 1907 513 1950 tum
525 1899 616 1951 florida
628 1899 720 1950 mundi

57 1966 159 2019 Pabula
171 1968 214 2018 dia
226 1969 296 2032 tulit,
309 1969 408 2019 miseris
419 1968 573 2019 mortalibus
585 1968 679 2034 ampla.

92 2036 129 2087 At
141 2036 229 2087 sedare
241 2037 312 2088 sitim
324 2036 400 2087 fluvii
411 2037 548 2103 fontesque
560 2035 702 2100 vocabant3

56 2104 94 2155 Ut
106 2122 177 2155 nunc
189 2105 321 2156 montibus
334 2122 348 2156 e
360 2105 461 2170 magnis
474 2105 596 2156 decursus
608 2108 687 2172 aquai

57 2173 194 2224 Olaricitat
206 2173 259 2223 late
272 2173 388 2224 sitientia
401 2173 477 2224 saecla
489 2173 610 2225 ferarum.

57 2240 185 2307 Denique,
198 2247 260 2291 nota
272 2241 352 2306 vagis,
366 2241 494 2292 silvestria
506 2243 605 2308 templa
617 2239 743 2293 tenebant

56 2308 247 2376 Nympharum,
256 2309 350 2376 quibus
362 2309 484 2360 excibant
496 2309 604 2360 humore
615 2308 715 2361 fluenta

56 2377 175 2442 Lubrica,
188 2377 305 2445 proluvie
318 2378 391 2444 larga
403 2376 489 2428 lavere
501 2377 610 2427 humida
622 2394 693 2441 saxa,

57 2445 175 2497 Humida
189 2463 259 2509 saxa,
272 2463 349 2513 super
361 2446 439 2496 viridi
452 2445 579 2496 stillantia
591 2461 693 2495 musco:

56 2515 92 2565 Et
104 2515 201 2580 partim
214 2514 292 2581 plano
305 2522 402 2564 scatere
414 2519 493 2580 atquc
506 2530 639 2580 erumpere
652 2529 751 2580 campo.

91 2583 208 2633 Necdum
222 2600 262 2632 res
275 2583 330 2648 igni
342 2582 444 2633 scibant
456 2588 575 2645 tractare,
584 2597 669 2647 neque
679 2581 719 2634 uti

56 2650 179 2718 Pellibus,
192 2657 219 2704 et
232 2650 320 2718 spoliis
332 2667 425 2716 corpus
437 2650 532 2701 vestire
543 2651 671 2703 ferarum:
