1928 2964
90 147 126 202 78
406 142 434 197 Τ.
452 141 620 195 nocuum

90 246 164 315 Saepe
175 245 309 297 homines:
327 244 404 297 facile
416 252 448 296 ut
460 244 546 312 quivis
558 244 620 313 hipc
633 260 738 295 noscere
750 244 843 312 possit,

89 315 153 368 Esse
162 316 277 368 animam
286 332 347 366 cum
356 314 443 365 animo
453 315 509 380 conj
514 319 621 365 unctam
631 331 638 375 ;
651 330 718 380 quae,
728 330 812 381 quum
817 312 898 364 animi
907 311 931 362 ri

89 384 214 437 Percussa
226 391 272 450 est,
285 383 348 434 exin
360 400 453 450 corpus
465 382 587 450 propellit
600 389 627 433 et
638 381 692 434 icit.
885 384 928 433 161

263 470 372 544 Natura
383 490 473 542 animi
485 498 507 543 et
519 490 617 542 caimos
629 507 760 558 corporea.

124 584 189 636 Haec
201 583 292 635 eadem
304 583 371 634 ratio
383 589 506 634 naturam
518 582 599 633 animi
611 588 692 648 atque
703 583 805 634 animai

89 652 242 720 Corporeum
254 652 330 703 docet
342 669 411 703 esse:
431 651 476 702 ubi
488 650 558 702 enim
569 651 713 719 propellere
724 651 852 719 membra,

89 721 221 788 Corripere
234 738 267 772 ex
280 738 368 771 somno
381 737 481 787 corpus,
493 727 647 786 mutareque
659 719 772 786 vultum,

88 790 176 857 Atque
188 790 320 840 hominem
332 795 419 840 totum
431 806 519 854 regere
531 805 561 839 ac
574 806 676 841 versare
688 789 812 853 videtur;

89 858 206 921 Quorum
218 858 257 908 nil
270 857 326 908 fieri
339 858 394 909 sine
406 863 482 909 tactu
493 875 567 924 posse
578 857 704 923 videmus,

88 926 144 978 Nec
155 933 258 979 tactum
270 943 346 994 porro
358 927 413 977 sine
426 943 548 994 corpore3
566 943 653 977 nonne
664 926 805 978 fatendum
816 932 865 994 est,

89 995 215 1062 Oorporea
226 1002 322 1047 natura
334 995 452 1046 animum
464 1001 582 1046 constare
594 995 761 1062 animamque
772 995 782 1048 l

123 1064 253 1117 Praeterea
264 1065 363 1132 pariter
374 1064 451 1130 fungi
464 1081 524 1115 cum
536 1081 641 1131 corpore
654 1071 681 1115 et
694 1081 749 1116 una

88 1133 238 1186 Consentire
251 1134 369 1185 animum
381 1133 454 1184 nobis
466 1133 495 1183 in
507 1149 612 1199 corpore
624 1133 716 1186 cernis.
881 1135 928 1186 170

88 1202 216 1255 siminus
228 1202 337 1254 offendit
349 1201 432 1253 vitam
444 1202 483 1253 vis
495 1201 600 1253 horrida
612 1201 667 1268 teli,

89 1271 194 1324 Ossibus
206 1289 237 1324 ac
249 1271 335 1323 nervis
347 1270 466 1322 disclusis
478 1270 550 1322 intus
563 1271 673 1334 adacta;

87 1340 214 1392 Attamen
226 1341 373 1407 insequitur
384 1339 502 1405 languor,
515 1346 644 1407 terraeque
656 1340 757 1407 petitus

88 1408 188 1476 Suavis,
201 1416 227 1461 ct
240 1411 268 1460 in
280 1415 350 1460 terra
361 1409 457 1459 mentis
470 1408 515 1475 qui
527 1409 648 1475 gignitur
660 1416 748 1476 cestus,

88 1476 277 1544 Interdumque
289 1478 363 1545 quasi
375 1477 532 1544 exsurgendi
541 1478 642 1529 incerta
653 1478 785 1531 voluntas.

86 1545 156 1613 Ilrgc
168 1562 315 1614 corpoream
328 1552 450 1598 naturam
463 1546 544 1598 animi
556 1564 610 1598 esse
621 1563 726 1599 necesse
739 1553 796 1600 est:

88 1614 221 1682 Corporeis
231 1615 354 1682 quoniam
367 1614 426 1666 telis
438 1615 547 1682 ictuque
559 1615 667 1668 laborat.

122 1683 149 1734 Is
161 1683 210 1735 tibi
222 1701 293 1734 nunc
305 1684 409 1735 animus
422 1684 494 1751 quali
507 1684 541 1735 sit
554 1701 664 1752 corpore,
678 1690 704 1737 et
719 1685 791 1738 unde

87 1751 246 1818 constiterit,
259 1770 367 1820 pergam
378 1752 507 1804 rationem
519 1753 627 1805 reddere
640 1753 724 1806 dictis.
883 1794 889 1806 s

121 1821 254 1890 Principio
267 1839 321 1873 esse
333 1822 374 1874 aio
386 1821 564 1889 persubtilem‚
577 1829 656 1891 atque
668 1823 780 1875 minutis
880 1827 927 1878 180

87 1888 218 1958 Perquam
230 1891 379 1959 corporibus
390 1891 492 1942 factum
505 1898 638 1944 constare:
657 1891 684 1942 id
696 1892 736 1943 ita
747 1910 810 1959 esse,

87 1959 166 2027 Hinc,
178 1960 240 2012 licet
252 1960 373 2013 advertas
384 1960 509 2025 animum,
522 1965 553 2011 ut
565 1977 715 2028 pernoscere
728 1962 817 2029 possis.

356 2068 396 2120 De
408 2067 549 2121 mobilitate
561 2069 658 2122 animi.

84 2163 131 2217 Nil
143 2163 207 2216 adeo
218 2161 275 2214 fieri
287 2161 365 2213 celeri
376 2162 478 2213 ratione
490 2161 602 2228 videtur,

85 2233 171 2297 Quam
183 2233 205 2284 si
216 2248 290 2282 mens
301 2230 358 2281 fieri
370 2230 498 2297 proponit,
512 2237 539 2282 et
550 2231 658 2282 inchoat
670 2230 680 2282 i
700 2247 735 2283 sa.

85 2301 163 2354 Ocius
176 2317 236 2368 ergo
248 2300 359 2366 animus,
372 2316 451 2366 quam
463 2317 503 2351 res
515 2316 542 2351 se
554 2301 653 2368 perciet
664 2248 728 2366 uila,

84 2370 155 2423 Ante
167 2370 253 2422 oculos
265 2385 376 2436 quorum
387 2369 416 2419 in
431 2376 555 2436 promptu
566 2376 662 2421 natura
674 2368 787 2422 videtur.

84 2439 128 2506 At,
141 2439 211 2506 quod
222 2437 317 2490 mobile
329 2442 466 2504 tantopere
478 2444 524 2502 est,
537 2443 655 2489 constare
667 2437 788 2490 rotundis

84 2506 214 2575 Perquam
226 2506 368 2558 seminibus
380 2505 457 2557 debet
468 2523 645 2573 perquamque
657 2507 784 2560 minutis:

83 2575 199 2627 Memine
213 2575 253 2626 uti
265 2592 345 2642 parvo
357 2575 457 2642 possint
469 2574 582 2642 impulsa
593 2575 698 2627 moveri.

78 2645 202 2713 Namque
213 2649 333 2695 movetur
345 2660 421 2711 aqua,
433 2650 461 2695 et
472 2643 578 2695 tantillo
589 2643 703 2696 momine
714 2643 813 2710 flutat3
878 2649 925 2701 190

233 2890 341 2916 Δ
