1928 2964
336 141 443 202 LIBER
461 148 624 214 QUINTUS.
845 152 895 204 175

57 248 134 301 Unus
146 248 218 300 enim
230 253 289 300 tum
302 250 412 317 quisque
424 250 508 317 magis
520 250 661 317 deprensus
674 260 764 302 eorum'

57 317 161 370 Pabula
170 318 231 369 vivs
243 319 304 369 feris
317 319 450 386 prsebebat
461 318 584 370 dentibus
596 318 721 382 haustus3

57 385 93 437 Et
105 403 212 438 nemora
223 403 254 438 sc
265 393 366 438 montes
378 387 480 453 gemitu
492 387 622 454 silvasque
633 387 759 455 replebat,
841 389 896 439 990

58 454 128 506 Viva
140 455 231 507 videns
244 456 304 508 vivo
316 455 419 523 sepeliri
431 457 531 507 viscera
542 456 627 508 busto.

58 522 96 574 At
108 539 173 591 quos
185 523 312 590 effugium
325 530 446 589 servarat,
459 540 564 591 corpore
576 524 662 591 adeso,

59 591 199 656 Posterius,
212 591 338 643 tremulas
351 609 428 711 super
439 591 528 644 ulcera
540 598 609 644 tetra
621 599 741 646 tenentes

60 658 171 726 Palmae,
184 660 316 711 horriferis
328 661 383 712 acci
401 667 448 712 ant
461 660 565 712 vocibus
578 678 667 712 orcum
674 680 681 726 ;

59 728 180 796 Denique
192 745 234 781 eos
246 729 302 783 vita
314 729 452 797 privarunt
464 729 582 781 vermina
594 746 670 795 saeva,

60 797 189 865 Expertes
201 798 264 866 opis,
275 797 379 864 ignaros
391 797 455 864 quid
467 797 577 848 vulnera
589 798 694 850 vellent.

95 865 133 918 At
145 883 197 917 non
208 866 294 917 multa
305 865 392 918 virdm
404 866 452 917 sub
465 866 546 932 signis
558 867 642 917 millia
654 866 735 919 ducta

61 935 122 986 Una
134 934 189 986 dies
201 934 281 987 dabat
293 935 390 986 exitio:
402 951 450 985 nec
463 935 569 986 turbide
581 936 656 1001 ponti

60 1003 178 1070 AEquora
189 1003 321 1054 laedebant
333 1020 412 1055 naves
424 1003 458 1053 ad
470 1020 534 1054 saxa
546 1004 679 1071 virosque;

61 1072 117 1123 Nec
129 1078 226 1123 temere
237 1072 368 1123 incassum
380 1072 478 1122 frustra
489 1088 560 1122 mare
573 1089 641 1139 saepe
654 1078 772 1125 coortum
828 1076 897 1125 1000

62 1139 184 1206 Saevibet
197 1140 341 1206 leviterque
352 1140 437 1190 minas
449 1140 562 1206 ponebat
574 1140 665 1192 inanes
671 1160 679 1203 3

62 1209 118 1261 Nec
129 1213 232 1274 poterat
244 1224 402 1276 quemquam
413 1207 511 1274 placidi
523 1208 635 1275 pellacia
646 1208 723 1277 ponti

63 1276 178 1329 Subdola
190 1277 311 1345 pellicere
322 1277 350 1327 in
362 1276 481 1328 fraudem
493 1276 639 1328 ridentibus
652 1277 743 1340 tmdis5

64 1344 187 1413 Improba
198 1346 299 1412 navigii
310 1345 377 1396 ratio
390 1351 448 1396 tum
460 1362 529 1397 caeca
537 1345 649 1411 jacebat.

63 1413 131 1465 Tum
144 1415 254 1480 penuria
265 1413 358 1465 deinde
371 1413 422 1464 cibi
433 1412 588 1480 languentia
600 1413 653 1466 leto

64 1481 184 1533 Membra
196 1481 287 1534 dabat:
306 1488 396 1533 contra
407 1498 479 1532 nunc
490 1499 578 1532 rerum
590 1483 664 1550 copia
675 1488 778 1535 mersat.

65 1550 110 1601 Illi
122 1550 300 1617 imprudentes
312 1550 362 1617 ipsi
375 1550 424 1601 sibi
436 1566 504 1617 saepe
515 1567 646 1602 venenum

66 1617 229 1684 Vergebant:
247 1635 318 1671 nunc
330 1618 395 1671 dant
407 1618 465 1669 aliia
478 1617 598 1670 solertius
610 1620 668 1688 ipsi.

101 1686 167 1738 Inde
180 1704 251 1738 casae
263 1693 402 1754 postquam
414 1704 444 1738 ac
456 1687 537 1754 pelles
549 1687 688 1757 ignemque
699 1695 835 1758 pararunt,

65 1755 102 1807 Et
113 1755 207 1806 mulier
219 1756 359 1819 conjuncta
371 1756 426 1807 viro
438 1756 563 1807 concessit
575 1757 604 1807 in
615 1774 706 1825 unum,
832 1759 899 1810 1010

66 1824 195 1891 (laetaque
207 1825 318 1891 privatae
328 1824 436 1876 Veneris
449 1823 578 1876 connubia
590 1824 652 1877 lseta

66 1892 178 1958 Cognita
190 1898 258 1958 sunt,
271 1894 421 1961 prolemque
433 1909 467 1944 ex
479 1909 505 1943 se
517 1892 604 1944 videre
616 1899 730 1945 creatam
737 1913 744 1956 ;

66 1960 134 2012 Tum
146 1977 233 2028 genus
239 1961 384 2012 humanum
396 1960 510 2029 primum
522 1960 669 2012 mollescere
682 1963 767 2030 coepit.

67 2028 142 2096 Ignis
153 2029 223 2080 enim
235 2030 343 2095 curavit,
355 2035 386 2081 ut
398 2030 464 2081 alsia
476 2045 581 2096 corpora
592 2030 676 2096 frigus

66 2097 93 2149 N
93 2114 127 2149 on
139 2097 178 2148 ita
185 2099 243 2164 jam
254 2104 359 2165 possent
370 2098 429 2149 coeli
441 2097 489 2148 sub
501 2098 617 2165 tegmine
628 2099 710 2152 ferre:

66 2165 104 2216 Et
117 2165 206 2216 Venus
217 2165 352 2217 imminuit
365 2166 446 2229 vires3
456 2167 590 2284 lpuerique
602 2174 742 2235 parentum

67 2233 209 2286 Blanditiis
221 2235 298 2286 facile
309 2235 445 2302 ingenium
482 2252 556 2302 egere
569 2236 716 2303 superbum.

67 2301 142 2353 runc
155 2308 181 2353 et
193 2303 335 2354 amicitiam
348 2310 483 2370 coeperunt
490 2305 602 2370 jungere
614 2303 740 2356 habentes

68 2369 189 2422 Finitimi
200 2371 270 2422 inter
281 2389 315 2437 se,
327 2389 376 2423 nec
388 2372 489 2437 ledere,
502 2388 550 2422 nec
563 2372 659 2424 violare
666 2390 673 2433 ;

68 2438 104 2490 Et
116 2456 208 2505 pueros
221 2440 434 2491 commendarunt
446 2439 623 2505 muliebreque
635 2439 740 2492 saeclum
834 2442 901 2492 1020

69 2505 183 2558 Vocibus
195 2514 223 2559 et
234 2514 325 2574 gestu;
343 2525 426 2576 quum
437 2507 514 2558 balbe
526 2507 711 2574 significarent,

69 2574 262 2626 Imbecillorum
274 2593 329 2627 esse
341 2593 446 2644 aequum
458 2576 602 2627 misererier
613 2577 691 2629 omni.

69 2641 129 2696 Non
141 2650 231 2696 tamen
243 2644 397 2696 omnimodis
409 2650 511 2712 poterat
523 2645 660 2698 concordia
671 2645 760 2714 gigni:
