1928 2964
314 120 427 189 'muru
444 134 635 191 suounous

89 238 233 306 Propterea
244 237 354 289 tandem
366 237 464 289 debent
475 237 616 304 primordio
627 255 716 289 rerum

53 306 114 360 Non
126 306 253 359 adhibere
265 323 343 358 suum
355 306 493 373 gignendis
504 305 581 358 rebus
593 306 704 372 odorem,

53 377 79 427 N
80 394 108 428 ec
122 377 240 427 sonitum
251 394 257 437 ;
277 375 401 443 quoniam
412 374 480 425 nihil
492 375 526 426 ab
538 392 565 426 se
576 375 681 426 mittere
693 380 810 442 possunt,

53 445 109 497 Nec
122 444 204 495 simili
216 444 319 497 ratione
331 460 449 498 sanorem
461 443 572 511 denique
584 461 750 510 quemquam,

54 513 109 566 Nec
121 514 215 580 frigus,
227 529 313 580 neque
324 512 390 564 item
402 512 518 563 calidum
529 513 699 580 tepidumque
711 530 840 580 vaporem.

57 583 156 647 Cetera,
170 598 229 649 quae
242 599 326 649 quum
336 582 375 633 ite
387 586 450 632 sunt
462 587 557 642 tumen,
570 587 601 632 ut
613 581 734 633 mortalia
746 586 873 646 constent,

54 651 132 704 Molli
144 650 225 716 lento,
237 651 341 716 fragosa
353 649 433 717 putri,
446 666 510 702 euve
522 665 629 718 corpore
640 667 706 717 raro,
869 703 871 709 A

55 720 152 772 Omnia
164 720 219 771 sint
231 736 247 770 a
259 719 395 787 principiis
407 720 526 787 sejuncta
538 735 641 770 necesse
653 725 692 771 est
703 736 712 783 ;
845 722 896 772 860

55 788 221 846 Immortalis
233 788 255 839 si
267 787 388 839 volumus
400 787 557 855 subjungere
567 787 645 838 rebus

55 857 251 923 Fundamenta,
263 855 358 924 quibus
370 857 473 907 nitatur
485 873 586 908 summa
598 856 703 912 salutis:

55 925 95 980 Ne
106 926 159 978 tibi
169 943 211 978 res
222 925 333 977 redeunt
344 925 378 976 ed
390 925 475 976 nilum
486 924 608 976 funditus
620 942 715 983 omnes.

292 1042 333 1095 De
345 1042 468 1095 insenuit·
478 1042 569 1095 eenole
577 1043 664 1113 ptysi.

88 1128 115 1180 N
117 1145 169 1180 unc
182 1145 221 1194 ea,
234 1144 294 1194 quae
306 1128 402 1180 sentire
414 1128 533 1180 videmus
546 1146 663 1197 cumque,
676 1146 779 1181 necesse
791 1134 838 1195 est,

55 1196 97 1248 Ex
108 1196 279 1249 insensilibus
291 1203 379 1249 tumen
392 1197 479 1248 omnia
491 1197 629 1250 confiteare

55 1265 198 1333 Principiis
211 1272 342 1318 constare:
361 1282 446 1333 neque
457 1266 486 1317 id
497 1266 636 1318 manifeste
648 1267 774 1332 refutant,

55 1335 80 1387 N
81 1353 111 1387 ec
123 1341 217 1388 contra
229 1342 356 1402 pugnant,
369 1335 398 1386 in
410 1341 534 1403 promptu
546 1335 651 1402 cognita
663 1352 721 1402 quae
733 1341 809 1398 sunt;

56 1403 107 1456 Sed
119 1404 205 1471 magis
217 1404 228 1456 i
247 1421 275 1456 se
286 1421 368 1455 manu
380 1404 481 1456 ducunt
494 1409 520 1456 et
533 1404 636 1456 credere
648 1410 754 1472 cogunt,

55 1472 97 1524 Ex
109 1421 286 1540 insensilibus,
299 1473 368 1541 quod
381 1472 445 1538 dice,
458 1473 582 1526 animalia
594 1473 674 1541 gigni.

90 1541 198 1610 Quippe
209 1541 298 1594 ridere
309 1542 380 1608 iicet,
392 1542 464 1594 vivos
477 1542 600 1594 exsistere
612 1560 712 1595 vermes
844 1544 895 1598 870

56 1609 174 1662 Stercore
187 1609 220 1663 de
231 1616 306 1677 tetro,
319 1618 439 1677 putorem
452 1627 533 1678 quum
546 1612 595 1662 sibi
607 1618 685 1665 necte
697 1618 737 1668 est

57 1679 254 1747 Intempestivis
266 1696 300 1730 ex
311 1679 438 1732 imbribus
449 1680 558 1732 humide
570 1680 648 1732 tellus
660 1699 666 1735 :

56 1747 189 1801 Praeterea
201 1755 309 1800 cunctas
321 1749 414 1800 itidem
425 1766 466 1800 res
478 1755 578 1801 vertere
590 1767 650 1803 sese.

57 1816 174 1870 Vertunt
186 1834 213 1868 se
224 1816 299 1868 fluvii
311 1817 340 1867 in
351 1818 463 1885 frondes,
475 1824 502 1870 et
514 1817 611 1886 pabulo
623 1819 685 1872 lueto

56 1885 89 1938 In
101 1885 230 1954 pecudes3
247 1891 356 1938 vertunt
367 1887 479 1953 pecudes
492 1887 520 1938 in
532 1905 638 1955 corpora
649 1894 739 1943 nostre

55 1955 202 2018 Neturnm3
220 1961 247 2006 et
259 1959 346 2007 nostro
359 1955 391 2007 de
403 1972 508 2024 corpore
520 1974 588 2025 saepe
599 1957 714 2010 ferarum

56 2025 213 2091 Augescunt
225 2024 292 2077 vires
305 2030 332 2076 et
344 2041 450 2092 corpore
462 2026 688 2094 pennipotentum.

56 2093 126 2160 Ergo
139 2109 228 2144 omnes
240 2098 337 2148 nature
348 2093 418 2145 cibos
430 2094 459 2145 in
470 2112 576 2162 corpore
588 2096 649 2148 vivs

58 2162 154 2227 Vertit,
167 2167 194 2213 et
206 2161 268 2213 hinc
280 2179 370 2214 sensus
382 2163 548 2215 animantum
560 2171 679 2232 procreet
691 2183 794 2231 omnes3

56 2231 117 2283 Non
129 2230 184 2283 elia
195 2231 238 2283 lon
257 2249 273 2283 e
283 2232 391 2298 ratione,
404 2237 484 2300 utque
495 2234 569 2286 eride
580 2233 654 2302 ligne
844 2238 895 2288 880

56 2299 183 2367 Explicet
195 2300 224 2351 in
236 2248 363 2367 iammus,
375 2307 402 2353 et
414 2301 442 2352 in
454 2302 528 2368 ignes
540 2304 627 2356 omnio
639 2310 733 2358 verset.

90 2370 111 2422 J
111 2386 190 2422 amne
201 2369 274 2422 vides
286 2369 376 2437 igitur,
387 2371 477 2437 magni
489 2371 631 2438 primordia
640 2390 729 2426 rerum

56 2438 164 2491 Referre
176 2438 206 2490 in
217 2437 289 2505 quali
302 2438 356 2490 sint
368 2439 457 2490 ordine
470 2457 578 2508 quaeque
591 2441 683 2507 locate,

57 2508 92 2563 Et
104 2507 249 2561 commixto
261 2507 355 2575 quibus
367 2508 431 2559 dent
442 2514 529 2560 motus
541 2509 739 2578 accipientque?

90 2577 160 2630 'ium
171 2593 248 2645 porro
260 2576 326 2643 quid
337 2576 365 2628 id
377 2583 424 2643 est,
436 2577 554 2629 animum
566 2577 636 2645 quod
648 2580 763 2646 percutit
774 2579 869 2648 ipsum,

58 2646 133 2712 Quod
144 2651 243 2714 movet,
252 2652 280 2698 et
291 2645 376 2697 varios
388 2662 478 2697 sensus
490 2662 641 2715 expromere
653 2649 730 2718 cogit,

655 2886 795 2922 1-
