1928 2964
307 153 416 205 urana
434 150 595 217 oururus
818 149 864 203 171

64 252 203 321 Multaque
215 257 273 305 tum
285 254 414 306 interiisse
426 255 591 306 animantum
604 253 680 305 saecla
692 269 794 305 neccsse
807 255 854 318 est,

28 321 84 374 Nec
96 323 211 390 potuisse
223 323 391 390 propagando
403 323 543 390 procudere
556 323 661 390 prolem.

28 390 56 442 N
56 409 106 457 am,
120 407 290 459 quaecumque
303 392 375 442 vides
388 393 456 443 vesci
469 390 592 444 vitalibus
604 391 683 442 auris.

30 460 86 511 Aut
98 459 180 525 dolus,
193 465 240 511 aut
253 461 344 526 virtus,
356 470 403 510 aut
415 460 527 527 denique
538 459 670 512 mobilitas
682 473 722 510 cst

30 527 73 579 Ex
86 529 196 579 ineunte
209 545 263 580 aevo
276 545 359 594 genus
371 529 399 579 id
411 534 507 593 tutata,
520 545 660 580 reservans.

30 596 172 662 Multaque
185 601 254 662 sunt,
266 597 341 649 uobis
354 614 387 648 ex
398 597 516 648 utilitate
529 613 576 648 sua
588 612 647 664 quae

31 664 218 717 Commendata
229 671 345 731 manent,
358 666 450 717 tutelae
462 665 560 716 tradita
571 671 673 718 nostrae.

30 733 171 802 Principio,
183 751 265 800 genus
276 751 336 786 acre
347 734 452 785 leonum
465 750 583 800 saevaque
596 733 673 784 saecla
816 734 866 782 860

30 802 130 854 Tutata
141 808 181 854 est
193 803 284 870 virtus,
297 798 389 869 vulpes
402 802 483 867 dolus,
495 809 527 853 ut
538 803 602 868 fuga
614 818 709 855 cervos.

30 870 68 923 At
80 870 224 923 levisomna
236 889 331 923 canum
343 870 395 922 fido
407 888 467 922 cum
479 877 582 937 pectore
594 871 681 936 corda¹

29 939 66 992 Et
78 956 161 1006 genus
173 956 256 1004 omne,
268 939 338 1008 quod
350 945 389 991 est
400 941 516 991 veterino
529 939 626 990 semine
638 945 750 1005 partum,

31 1008 220 1076 lanigeraeque
232 1009 310 1060 simul
322 1008 433 1075 pecudes
446 1015 472 1059 et
484 1008 579 1059 bucera
592 1008 675 1061 saecla.

31 1076 130 1128 Omnia
142 1082 204 1128 sunt
215 1076 350 1128 hominum
362 1076 454 1128 tutelae
466 1077 571 1141 tradita,
583 1075 700 1129 Memmi.

30 1145 100 1198 Nam
112 1145 206 1212 cupide
218 1146 308 1212 fugere
320 1146 395 1212 feras,
407 1161 550 1211 pacemque
562 1151 657 1196 secuta

31 1214 108 1279 Sunt,
121 1220 148 1265 et
160 1213 233 1280 larga
246 1231 291 1266 suo
304 1215 359 1265 sinc
371 1214 468 1282 pabula
480 1220 556 1281 parta
568 1213 654 1264 labore
661 1231 669 1276 ;

31 1283 96 1346 Quae
108 1282 202 1333 <lamus
213 1283 339 1334 utilitatis
351 1299 439 1334 eorum
451 1283 558 1350 praemia
570 1298 656 1333 causa.

30 1352 75 1417 At,
89 1351 148 1417 quis
160 1351 198 1402 nil
210 1351 304 1402 horum
315 1350 409 1402 tribuit
421 1357 523 1416 natura,
536 1366 620 1417 neque
632 1351 689 1418 ipsa

31 1419 131 1487 Sponte
143 1435 191 1471 sua
202 1426 306 1487 possent
313 1426 349 1471 ut
361 1420 454 1485 vivere,
467 1436 515 1471 nec
527 1419 589 1470 dare
600 1417 674 1470 nobis
816 1417 868 1468 870

31 1487 184 1539 Utilitatem
196 1489 318 1556 aliquam,
331 1505 410 1556 quare
422 1494 571 1555 pateremur
582 1503 671 1538 corum

32 1556 158 1607 Praesidio
170 1562 257 1608 nostro
269 1557 341 1624 pasci
353 1573 442 1623 genus,
455 1573 560 1623 esseque
572 1555 678 1608 tutuml

32 1624 139 1676 Scilicet
151 1624 207 1677 haec
220 1625 278 1677 aliis
291 1626 385 1693 praedae
397 1625 521 1693 lucroque
529 1624 654 1692 jacebunt

32 1693 194 1761 Indupedita
207 1694 260 1744 suis
272 1694 397 1746 fatalibus
409 1695 497 1745 omnia
509 1694 609 1760 vinclis,

31 1762 122 1814 Donec
133 1763 167 1813 ad
179 1762 315 1815 interitum
327 1780 409 1830 genus
421 1763 449 1813 id
461 1769 556 1814 natura
567 1761 675 1832 redegit.

352 1878 392 1930 De
406 1876 551 1931 Centaurus.

67 1963 119 2016 Sed
131 1980 214 2032 neque
227 1964 351 2016 Centauri
362 1965 478 2030 fuerunt,
490 1981 575 2031 neque
587 1968 703 2030 tempore
715 1961 744 2013 in
756 1961 811 2013 ullo

32 2033 97 2085 Esse
109 2040 224 2113 queunt3
237 2033 337 2100 duplici
348 2039 445 2084 natura
456 2039 483 2084 et
496 2050 600 2100 corpore
612 2032 674 2083 bino

31 2102 75 2154 Ex
87 2101 242 2168 alienigenis
254 2101 376 2154 membris
389 2107 524 2169 compacta
536 2106 658 2169 potestas,

32 2170 105 2222 Hinc
117 2170 191 2221 illinc
203 2188 251 2239 par
262 2171 302 2222 vis
314 2177 345 2222 ut
357 2187 409 2221 non
422 2170 458 2221 sic
471 2186 525 2222 esse
536 2171 605 2239 potis
618 2171 659 2222 sit.

32 2238 65 2291 Id
77 2239 140 2291 licet
152 2239 214 2291 hinc
227 2239 345 2307 quamvis
357 2238 446 2290 hebeti
458 2255 610 2306 cognoscere
623 2236 706 2288 corde.
819 2236 870 2286 880

68 2307 209 2376 Principio,
222 2308 321 2359 circum
332 2307 416 2359 tribus
428 2309 494 2359 sctis
507 2307 618 2375 impiger
629 2307 706 2358 annis

32 2376 121 2428 Floret
134 2393 230 2444 equus;
242 2394 308 2445 puer
320 2376 392 2428 haud
404 2393 545 2443 quaquam,
553 2376 616 2442 quia
628 2390 695 2441 saepe
707 2372 788 2425 etiam
800 2385 871 2422 nunc

32 2445 120 2498 Ubera
131 2462 306 2498 mammarum
317 2447 345 2496 in
358 2446 454 2496 somnis
466 2444 595 2496 lactantia
606 2449 706 2510 quaerct

33 2515 103 2581 Post,
115 2514 162 2566 ubi
175 2531 272 2582 equum
284 2514 378 2566 valida
391 2514 465 2579 vires,
479 2518 556 2564 aetate
569 2517 681 2578 senecta,

32 2584 204 2651 Membraque
216 2582 351 2647 deficiunt,
364 2582 478 2650 fugienti
490 2581 617 2648 languida
629 2580 699 2644 vita3

33 2653 102 2706 Tum
114 2654 228 2719 demum,
241 2652 337 2720 puerili
349 2668 404 2703 aevo
414 2651 531 2717 florente,
539 2652 665 2718 juventas
