1928 2964
424 142 534 196 LIBER
551 139 714 208 QUINTUS.
947 144 959 192 l

180 245 302 313 Namque
314 245 352 298 ita
363 244 526 297 multimodis
537 243 629 296 multis
640 237 784 363 primordia
795 258 883 294 rerum

146 314 189 366 Ex
200 315 306 366 infinite
314 316 372 381 jam
384 321 499 383 ternpore
511 314 611 382 percita
622 330 641 381 p
652 313 715 379 agis,

146 382 361 450 Ponderibusque
373 384 426 435 suis
438 388 597 435 consuerunt
608 381 711 432 eoneita
722 379 792 447 ferri,

147 451 363 518 Omnimodisque
374 452 450 517 coire,
462 457 541 519 atqua
554 450 642 501 omnia
653 454 809 517 pertentare,

147 520 328 587 Quaecumque
340 520 410 572 inter
421 537 448 572 se
459 520 560 588 possint
572 535 708 585 congressa
720 534 822 581 ereare;

147 589 186 640 Ut
197 605 250 640 non
263 589 298 640 sit
309 589 412 655 mirum,
426 588 488 640 siin
500 588 566 641 tales
579 587 749 655 disposituras

147 656 311 709 Deciderunt
322 674 431 725 quoque,
444 662 471 708 at
482 656 511 708 in
524 656 589 709 tales
601 672 694 708 venere
706 659 816 721 meatus,

148 725 277 789 Qualibus
288 726 345 778 haee
356 743 443 778 rerum
455 726 556 792 geritur
567 741 638 776 nunc
652 740 753 775 summa
764 724 892 777 novando.

183 793 259 857 Quod
271 794 293 845 si
301 797 358 862 jam
369 811 456 846 rerum
468 795 584 861 ignorem
596 792 738 860 primordia
750 808 808 858 quae
821 793 883 859 sint,

149 861 208 914 Hoe
220 867 310 914 tamen
321 879 355 915 ex
367 862 431 930 ipsis
443 863 502 914 coeli
513 861 658 914 rationibus
670 861 756 913 ausim

148 929 314 998 Confirmara,
326 931 436 998 aliisque
447 947 481 982 ex
492 931 569 982 rebus
581 930 688 983 reddere
699 927 798 995 multis,

148 999 323 1066 Nequaquam
334 999 408 1051 nobis
419 999 547 1052 divinitus
559 1015 614 1051 esse
644 1015 690 1050 ara

49 1140 52 1145 Ι
148 1067 391 1132 Naturamrerum3
409 1073 616 1135 tantastmprae
637 1068 674 1120 ‘ta
686 1004 772 1137 ibinpa
813 1057 877 1159 K
936 1073 964 1120 2·

382 1158 756 1246 aeramentorum.
877 1151 929 1195 '¹⁷''‘

72 1348 75 1357 Ι
185 1274 466 1397 hmeiffiqmtm
478 1276 538 1329 eoeli
549 1277 616 1357 tegit
628 1276 743 1345 impetus
754 1277 854 1343 ingens,

149 1344 217 1396 Inde
229 1361 272 1397 av1
345 1351 447 1413 partem
458 1351 560 1397 montes
572 1345 696 1412 ulvaeque
708 1346 823 1397 ferarum

149 1412 297 1480 Possedere‚
308 1419 401 1466 tenent
411 1430 490 1482 rupes
502 1421 634 1481 vastaeque
646 1414 755 1482 paludes

150 1481 187 1534 Et
198 1498 278 1549 mare,
290 1482 359 1549 quod
370 1483 424 1535 late
436 1488 565 1535 terrarum
576 1483 686 1535 distinet
698 1500 761 1535 oras.

92 1603 109 1628 ο
150 1550 218 1603 Inde
230 1551 295 1603 duas
307 1567 382 1618 porro
393 1568 473 1619 prope
485 1557 572 1620 partes
584 1552 699 1604 fervidus
714 1552 798 1619 ardor,

150 1618 332 1687 Assiduusque
343 1619 396 1688 geli
408 1637 490 1686 casus,
502 1621 657 1672 mortalibus
669 1621 763 1674 aufert.

150 1687 228 1752 Quod
240 1695 357 1756 superest
368 1689 432 1754 arri,
444 1694 534 1741 tamen
545 1689 574 1741 id
585 1696 681 1741 natura
693 1707 741 1742 sua
749 1690 777 1742 vi

151 1755 275 1808 Sentibus
287 1756 407 1825 obducat,
419 1758 448 1808 ni
460 1759 500 1810 ris
512 1758 628 1810 humana
640 1759 752 1825 resistat,

62 1888 64 1892 Ι
151 1824 227 1877 Vitsi
240 1841 318 1877 eausa
326 1825 412 1878 valido
424 1833 549 1879 consueta
559 1827 661 1880 bidenti

151 1893 295 1961 Ingemere,
308 1900 335 1946 at
346 1901 444 1946 terram
454 1896 549 1964 pressis
561 1896 724 1964 proscindere
736 1896 844 1949 aratris:
938 1900 954 1948 2

151 1961 181 2015 Si
192 1978 247 2015 non
258 1961 393 2015 foecundas
404 1969 536 2016 vertentes
548 1981 650 2016 vomere
662 1964 751 2031 glebas

151 2030 295 2098 'ferreique
307 2030 391 2083 solum
403 2033 552 2100 subigentes
564 2033 647 2084 cimus
658 2033 693 2085 ad
707 2039 793 2096 ortus;

152 2099 252 2220 {ponte
264 2116 312 2152 stra
322 2106 455 2168 nequeant
466 2101 580 2169 liquidas
592 2102 716 2154 exsistere
727 2103 756 2153 in
768 2119 851 2154 auras.

177 2174 190 2219 t
201 2173 291 2220 tamen
302 2168 437 2221 interdum
448 2186 544 2236 magno
556 2175 665 2237 quesita
676 2169 770 2236 labore,

153 2235 244 2298 Quum
252 2238 310 2304 jam
320 2254 368 2306 per
378 2244 461 2290 terras
472 2239 595 2290 frondent
607 2246 686 2306 atque
698 2239 786 2290 omnia
797 2239 901 2304 florent,

152 2305 210 2358 Aut
221 2305 310 2357 nimiis
321 2312 402 2359 terret
413 2307 558 2359 fervoribus
570 2308 693 2359 aetherius
705 2307 750 2372 sol,

152 2374 211 2427 Aut
222 2374 303 2427 subiti
314 2375 448 2443 perimunt
460 2376 555 2428 imbres
566 2376 712 2443 gelidaeque
723 2375 833 2443 pruinae,

153 2441 301 2512 lilubnque
313 2450 452 2496 ventorum
463 2445 577 2496 violento
590 2445 695 2496 turbine
707 2450 813 2495 vexant.

189 2510 327 2580 Praeterea
339 2529 422 2580 genus
434 2513 591 2565 horriferum
602 2519 699 2565 nutura
710 2513 833 2580 ferarum,

154 2576 288 2633 Humanas
299 2581 373 2648 genti
384 2581 517 2647 infestum,
529 2588 650 2650 terraque
661 2582 786 2649 marique,
940 2587 964 2635 2·

154 2646 209 2705 011
217 2647 276 2718 siit,
287 2656 368 2719 atque
379 2656 460 2718 auget
470 2649 481 2703 'l
498 2667 545 2703 eur
557 2651 620 2703 anni
632 2656 750 2721 tempora
760 2651 862 2704 morbos
