1964 2970
81 168 130 219 172
390 162 418 216 Τ.
436 160 603 214 LUCRETII

80 264 175 330 Officio,
188 268 215 315 et
226 262 300 314 molli
312 262 391 316 vestit
403 261 529 328 lanugine
541 260 636 312 mulos:

80 333 104 383 N
106 350 135 384 eo
147 333 214 384 forte
226 349 259 383 ex
271 331 376 382 homine
388 336 415 382 et
427 331 543 383 veterino
556 329 653 380 semine
665 342 793 393 equorum

80 401 190 453 Confieri
205 401 294 452 credes
307 400 449 452 Centauros
460 415 542 466 posse,
554 413 639 464 neque
651 412 718 447 esse:

418 510 458 563 De
470 510 571 580 Scyllis.

81 598 136 649 Aut
148 597 245 677 rapidis
258 596 366 647 canibus
379 597 525 647 succinctos
537 594 709 646 semimarinis
739 610 742 616 ·
870 596 921 646 890

81 666 234 733 Corporibus
246 663 353 732 Scyllas,
366 672 393 716 ot
405 672 491 716 cetere
503 664 535 714 de
547 680 641 730 genere
653 663 755 730 horum,

82 735 155 785 Inter
167 750 193 784 se
206 751 316 800 quorum
327 733 456 784 discordie
467 731 584 783 membre
595 732 726 784 videmus:

82 803 145 866 Quae
158 818 242 869 neque
254 801 392 853 florescunt
423 801 509 866 ariter,
522 817 570 852 nec
582 800 673 853 robore
685 805 796 851 sumunt

81 871 242 937 Corporibus,
253 886 338 936 neque
349 886 383 937 pe
415 869 490 921 ciunt
502 875 580 921 aetute
593 875 703 934 senecta,

81 940 136 991 Neo
149 939 228 990 simili
241 938 340 990 Venere
352 938 499 1003 ardescunt,
512 954 560 989 neo
572 937 685 989 moribus
698 936 758 988 unis

81 1008 252 1072 Conveniunt,
265 1022 313 1058 nee
325 1013 387 1058 sunt
399 1006 489 1058 eudem
498 1006 618 1073 jucundo
629 1022 676 1073 per
687 1012 768 1058 ortus.

82 1076 133 1139 Qui
153 1093 185 1143 pe
197 1075 284 1128 videre
296 1075 358 1126 lieet
370 1075 538 1143 pinguescere
551 1091 619 1143 saepe
631 1075 717 1126 ciente

82 1095 235 1211 Bariigeros
247 1144 365 1211 pecudes,
378 1143 479 1194 homini
490 1157 548 1211 quae
560 1150 600 1194 est
612 1158 671 1195 sors
682 1158 820 1196 venenum.

316 1263 357 1317 De
368 1263 492 1317 monstris
503 1273 526 1317 et
537 1264 668 1318 chimera.

117 1347 235 1399 Flamma
247 1348 353 1415 quidem
366 1365 426 1401 vero
438 1365 521 1416 quum
533 1365 640 1416 corporo
651 1348 726 1401 fulve
736 1348 846 1400 leonum

82 1416 147 1467 Tum
159 1416 239 1467 soleat
251 1422 347 1469 torrere
360 1423 438 1484 atque
451 1433 532 1483 urere,
546 1434 625 1484 quam
637 1434 720 1484 genus
732 1434 809 1469 omne
868 1419 920 1469 900

83 1485 202 1550 Visceris,
215 1485 243 1535 in
256 1486 330 1536 terris
344 1486 524 1553 quodcumque
536 1494 563 1537 et
575 1486 709 1552 sanguinis
721 1491 821 1538 exstet:

83 1553 137 1612 Qui
148 1553 205 1604 fieri
217 1553 312 1620 potuit,
325 1555 423 1622 triplici
436 1571 496 1605 cum
508 1570 613 1622 corpore
625 1561 652 1606 et
664 1571 725 1621 une,

82 1621 171 1671 Prima
182 1621 229 1686 leo,
242 1629 372 1689 postrema
384 1623 468 1688 draeo,
480 1623 566 1674 medie
578 1623 634 1690 ipss
647 1622 783 1690 Chimaera,

84 1689 133 1740 Ore
145 1690 215 1740 foras
227 1707 312 1741 eorem
324 1691 422 1742 efflaret
435 1691 467 1742 de
479 1708 583 1759 corpore
593 1690 744 1743 flemmaml

118 1757 210 1822 Quare,
223 1758 304 1809 etiam
316 1759 409 1811 tellure
422 1776 489 1811 nors
501 1761 617 1827 ooeloque
629 1760 736 1827 recenti,

84 1825 157 1877 Talia
170 1827 214 1892 qui
227 1826 304 1893 fingit
317 1828 429 1895 potuisse
442 1829 567 1879 animalia
578 1828 659 1895 gigni,

83 1894 169 1945 Nixus
181 1895 209 1945 in
221 1895 270 1946 hoe
282 1912 335 1948 uno
347 1896 471 1948 novitatis
483 1897 587 1948 nomine
599 1897 688 1959 inuni3

83 1962 170 2015 Mults
182 1962 244 2015 lieet
257 1965 336 2015 simili
347 1965 448 2017 ratione
460 1965 564 2016 effutiat
576 1983 626 2017 oro.

83 2033 169 2084 Aures
181 2038 239 2084 tum
251 2032 322 2083 dieat
334 2050 380 2100 per
393 2041 474 2085 terras
485 2034 595 2085 flumina
607 2034 687 2101 vulgo

83 2100 214 2166 Fluxisse,
226 2106 253 2153 et
265 2102 374 2167 gemmis
386 2101 477 2153 florere
488 2102 594 2155 arbusto
606 2105 707 2164 suesse;
872 2106 925 2156 910

83 2168 138 2221 Aut
150 2169 282 2221 hominem
294 2174 368 2220 tanto
380 2170 555 2222 membrorum
567 2189 621 2223 esse
633 2172 730 2238 impete
742 2175 845 2238 natum,

84 2238 164 2289 Trans
176 2239 259 2290 mario
272 2238 326 2289 altu
338 2238 435 2306 pedum
447 2240 526 2291 nixus
538 2245 569 2291 ut
581 2241 696 2308 pendere
708 2245 803 2307 posset,

83 2306 118 2357 Et
130 2306 250 2358 manibus
262 2313 348 2359 totum
361 2308 459 2360 circum
472 2325 498 2359 se
510 2314 610 2361 vertere
623 2309 725 2360 coslum

164 2423 227 2488 Quor
238 2423 333 2476 crearit
344 2424 418 2477 tellus
429 2434 452 2477 et
463 2424 587 2493 quomodo
599 2424 706 2494 antiqui
717 2423 844 2478 vivebant.

84 2506 109 2556 N
110 2523 160 2571 am,
173 2507 243 2574 quod
255 2508 341 2559 multe
352 2509 425 2561 fuere
437 2510 466 2575 in
478 2510 553 2561 terris
566 2510 770 2575 seminarem,

75 2574 203 2643 Tempore
216 2594 269 2646 quo
279 2578 400 2648 primum
412 2578 491 2632 tellus
502 2578 629 2630 unimoliu
638 2578 725 2640 iudit3

61 2642 111 2694 Nil
123 2652 218 2700 temen
233 2656 274 2704 est
288 2651 370 2722 signi,
384 2651 490 2704 mixtus
501 2647 622 2718 potuisse
633 2644 719 2696 ereum
