1928 2964
222 138 330 191 ninus
348 110 553 192 uscuuuus.¹
763 139 795 191 τι

35 276 38 293 .
51 239 103 292 sibi
114 244 259 306 assumunt,
272 256 350 307 quam
362 240 394 292 de
406 258 433 293 se
445 257 552 308 corpora
564 239 678 291 mittunt
688 257 695 303 ;

41 309 121 362 facile
133 309 162 360 in
173 326 254 361 venas
265 310 338 361 cibus
351 326 439 362 omnes
451 310 560 376 inditur,
572 315 599 361 et
611 309 676 360 dum

35 379 71 430 ita
83 383 146 429 sunt
157 377 212 429 late
224 377 346 446 dispersa,
359 385 389 430 ut
400 378 486 432 multa
496 378 642 444 remittant,

35 464 68 498 us
80 446 202 514 dispendi
214 447 321 513 faciant,
334 465 413 515 quam
424 447 538 500 vescitur
549 451 619 498 aetas.

41 521 113 568 certe
124 515 205 567 fluere
217 533 248 568 ae
260 516 382 568 decedere
395 533 500 584 corpora
511 515 588 567 rebus

35 602 57 650 a,
69 601 164 636 manus
176 584 292 636 dandum
304 591 358 637 est:
377 585 422 636 sed
434 585 510 653 plura
522 584 643 636 accedere
655 582 758 650 debent,

35 671 51 704 c
64 653 195 711 alescendi
207 670 337 705 summum
349 654 604 721 tetigerecacumen.

40 721 198 773 minutatim
209 723 276 774 vires
288 728 316 774 et
326 722 405 774 robur
417 723 539 774 adultum
735 723 803 773 1130

35 791 83 858 git,
95 796 123 842 et
134 790 164 840 in
174 795 275 858 partem
288 793 402 859 pejorem
413 791 525 858 liquitur
537 795 607 843 aetas.

35 876 68 927 pe
80 859 186 926 etenim,
199 865 297 926 quanto
309 870 349 911 est
360 877 400 910 res
412 860 529 927 amplior,
541 859 666 926 augmine
678 858 792 926 dempti),

35 945 64 980 ro
75 927 156 980 latior
167 934 213 995 est,
226 929 254 979 in
266 934 374 981 cunctas
386 929 502 996 undique
514 934 601 996 partes

35 1014 46 1048 a
58 996 137 1048 modo
148 996 281 1064 dispergit,
295 1004 322 1049 et
334 1015 349 1049 a
362 1015 388 1049 se
401 1015 507 1064 corpora
518 998 620 1061 mittit3

35 1065 115 1117 facile
126 1065 155 1116 in
167 1083 246 1117 venas
258 1066 331 1118 cibus
343 1067 427 1118 omnis
439 1066 540 1118 diditur
551 1067 592 1118 ei:

35 1135 99 1186 satis
112 1140 159 1200 est,
171 1151 217 1202 pro
230 1152 308 1201 quam
320 1136 406 1202 largos
418 1140 547 1187 exaestuat
560 1139 647 1201 aestus,

35 1221 44 1255 r
56 1209 156 1271 queant
167 1209 272 1255 tantum
285 1203 394 1256 suboriri
406 1221 437 1256 ac
450 1205 623 1273 suppeditare,

35 1279 123 1324 tntum
135 1289 198 1340 opus
211 1278 257 1339 est,
269 1279 304 1340 et,
316 1274 385 1340 quod
398 1274 461 1325 satis
473 1280 519 1338 est,
531 1279 626 1325 natura
638 1282 752 1323 novare⁸
762 1270 784 1340 ;]

47 1341 132 1408 igitur
143 1346 260 1409 pereunt,
273 1360 355 1410 quum
366 1343 495 1394 rarefacta
506 1341 611 1394 fluendo

35 1409 707 1546 {iiiiii{iiiiiiiuitiuiiiliiiiiiii³
743 1411 810 1461 1¹4⁰

323 1499 332 1530 1
658 1496 664 1531 :

37 1547 186 1600 tuditantia
197 1565 253 1600 rem
265 1556 367 1601 cessant
378 1549 539 1600 extrinsecus
552 1548 635 1600 ullam

35 1633 87 1669 cra
98 1616 229 1684 conficere,
242 1622 269 1670 et
281 1618 366 1685 plagis
377 1618 474 1670 infesta
486 1617 597 1670 domare.

35 1703 50 1738 c
62 1685 147 1752 igitur
158 1687 248 1754 magni
260 1704 362 1754 quoque
374 1688 473 1738 circum
484 1686 581 1738 moenia
592 1685 686 1737 mundi

35 1760 136 1822 ugnata
147 1755 249 1807 dabunt
260 1755 346 1807 labem
358 1762 498 1824 putresque
509 1755 605 1808 ruinas.

35 1824 70 1876 ria
82 1821 160 1876 debet
172 1824 241 1875 enim
253 1824 326 1876 cibus
338 1825 469 1891 integrare
481 1824 608 1890 novand0,

35 1892 116 1945 ulcire
127 1893 208 1958 cibus,
222 1893 294 1945 cibus
306 1894 394 1945 omnia
406 1898 559 1945 sustentare.

35 1961 167 2029 uidquam,
180 1963 303 2028 quoniam
314 1980 363 2014 nee
375 1979 447 2014 venae
460 1962 644 2030 perpetiuntur

35 2031 51 2082 d
63 2031 128 2082 satis
140 2037 186 2096 est,
199 2047 283 2098 neque
295 2036 424 2098 quantum
436 2048 500 2099 opus
512 2035 552 2082 est
559 2037 655 2082 natura
666 2030 806 2082 ministrat.

35 2117 91 2168 ,que
103 2099 168 2152 adeo
179 2101 264 2152 fracta
277 2107 316 2152 est
328 2105 398 2166 aetas,
411 2100 548 2167 effectaque
560 2100 638 2152 tellus
749 2098 815 2148 1150

41 2169 169 2221 animalia
180 2187 262 2238 parva
274 2175 351 2232 creat,
365 2186 423 2236 quae
436 2175 531 2221 cuncta
544 2169 643 2221 creavit

35 2237 67 2304 la,
80 2237 206 2306 deditque
217 2238 332 2290 ferarum
344 2239 463 2304 ingentia
475 2255 582 2305 corpora
593 2243 678 2305 partu.

35 2306 65 2373 d,
76 2312 110 2358 ut
122 2307 220 2374 opinor,
234 2307 304 2358 enim
315 2306 437 2359 mortalia
450 2307 526 2358 saecla
539 2323 648 2374 superne

35 2393 66 2429 ea
77 2375 111 2428 de
123 2376 188 2428 ccelo
201 2376 306 2427 demisit
317 2376 388 2427 funis
401 2375 429 2426 in
442 2393 513 2438 arva,

42 2463 123 2510 mare,
136 2462 185 2497 nec
197 2445 294 2496 fluctus
306 2445 460 2513 plangentes
473 2461 544 2508 saxa,
557 2446 695 2493 crearunt:

38 2515 133 2584 genuit
145 2513 224 2582 tellus
237 2514 334 2579 eadem,
347 2530 404 2581 quae
416 2530 486 2564 nunc
498 2512 547 2564 alit
559 2528 593 2562 ex
606 2527 637 2561 se.

35 2590 107 2638 terea
119 2583 219 2636 nitidas
231 2582 320 2650 fruges
332 2583 473 2649 vinetaque
485 2581 547 2632 lacta
583 2635 587 2645 ¹

314 2681 322 2700 ⁸
338 2676 400 2714 Deest
409 2675 431 2716 in
442 2673 490 2714 Me.
