1928 2964
337 154 444 208 LIBER
462 152 632 221 QUARTUS.
855 158 904 209 135

22 259 24 264 ’
67 257 122 309 Aut
134 256 218 309 etiam
229 256 342 322 conchis,
354 263 402 309 aut
414 257 487 324 callo,
500 262 548 309 aut
560 257 654 310 cortice
666 261 743 308 tecta
750 259 766 309 f.

68 326 226 378 Interiorem
238 325 320 377 etiam
331 331 433 394 partem
445 326 604 394 spirantibus
617 328 663 379 ser

68 395 196 446 Verberat
208 394 253 446 hic
264 393 343 460 idem,
356 410 437 461 quum
449 395 554 446 ducitur
565 401 646 461 atque
657 394 772 446 reflatur.

69 463 156 526 Quare
168 463 303 530 utrimque
315 480 387 514 secus
399 480 479 530 quum
491 480 585 530 corpus
597 463 712 530 vapulet,
720 469 748 515 et
760 477 844 530 quum
853 463 906 512 940

69 531 230 584 Perveniant
242 533 327 598 plagse
339 549 385 600 per
396 549 477 599 parva
485 529 614 584 foramina
625 531 698 583 nobis
956 526 961 537 ’

66 601 190 668 ‚Corporis
202 600 236 652 ad
248 601 346 668 primas
357 606 444 668 partes
456 601 637 668 elementaque
648 600 749 667 prima3

70 669 116 721 Fit
127 668 204 736 quasi
215 669 345 736 paulatim
356 669 430 720 nobis
442 686 488 737 per
498 669 615 720 membra
625 669 710 721 ruina

71 736 270 790 Conturbantur
281 737 351 789 euim
363 738 483 804 positura
495 737 683 804 principiorum

72 805 191 875 Corporis
203 812 283 872 atque
295 806 383 873 animi,
396 806 433 858 sic
444 811 476 857 ut
487 823 547 873 pars
559 805 620 856 inde
632 805 732 858 animai

72 875 210 941 illiciatur,
223 880 250 926 et
262 875 402 926 introrsum
414 892 474 942 pars
486 874 578 926 abdita
589 874 681 935 cedat;

73 944 138 995 Pars
151 944 231 996 etiam
244 943 369 995 distracta
380 960 427 1010 per
438 949 512 996 artus
523 960 576 994 non
588 947 668 1010 queat
680 959 735 994 esse

73 1013 221 1081 Oonjuncta
233 1012 302 1064 inter
314 1029 348 1072 se,
361 1029 445 1079 neque
456 1018 530 1064 motu
541 1017 635 1063 mutua
646 1011 740 1078 fungi:

73 1082 150 1134 Inter
161 1081 232 1133 enim
244 1097 271 1132 se
289 1081 311 1133 it
323 1086 404 1133 coetus
416 1086 511 1133 natura
523 1081 637 1147 viasque.

73 1151 144 1218 Ergo
157 1167 246 1202 sensus
258 1099 314 1202 abit
325 1150 435 1202 mutatis
447 1149 560 1201 motibus
572 1149 633 1201 ulte.
856 1150 908 1200 950

73 1220 110 1271 Et
123 1219 247 1285 quoniam
258 1229 369 1284 nonest,
382 1219 457 1285 quasi
469 1219 538 1287 quod
551 1217 684 1270 suffulciat
695 1220 777 1284 artus,

73 1287 168 1340 Debile
179 1287 211 1339 fit
222 1304 322 1354 corpus,
334 1287 507 1354 languescunt
519 1287 607 1339 omnia
617 1286 748 1349 membra;

74 1356 191 1408 Brachia
202 1356 383 1425 palpebrasque
395 1357 500 1422 cadunt,
512 1356 675 1424 poplitesque
687 1354 795 1406 cubanti

75 1425 151 1494 Saepc
162 1431 252 1477 tamuz
264 1424 461 1490 submittuntur,
473 1425 590 1492 viresque
601 1424 743 1477 resolvunt.

111 1493 215 1546 Deinde
226 1493 314 1545 cibum
326 1494 444 1560 sequitur
456 1511 568 1559 somnus,
580 1494 650 1561 quia,
663 1509 721 1560 quoe
733 1492 798 1545 facit
810 1494 863 1558 air,

77 1563 144 1616 Haec
156 1563 247 1614 eadem
259 1562 338 1629 cibus,
347 1562 376 1613 in
388 1579 467 1614 venas
479 1562 543 1613 dum
555 1563 656 1614 diditur
667 1578 762 1628 omnes,

77 1631 183 1684 Efficit:
201 1637 229 1683 et
240 1631 324 1682 multo
337 1648 410 1698 sopor
421 1631 466 1683 ille
477 1632 645 1699 gravissimus
657 1636 752 1697 exstat,

78 1701 164 1765 Quem
177 1705 250 1752 satur
262 1705 308 1751 aut
320 1700 403 1751 lassus
415 1701 518 1767 capias;
536 1701 599 1768 quia
610 1700 724 1766 plurima
736 1706 794 1752 tum
806 1715 832 1750 se

77 1769 191 1837 Corpora
204 1768 361 1820 conturbant
373 1785 469 1836 magno
481 1774 590 1821 contusa
601 1769 696 1820 labore.

77 1837 124 1890 Fit
136 1838 236 1890 ratione
248 1837 339 1889 eadem
351 1840 483 1904 conjectus
495 1843 570 1904 parte
582 1837 682 1889 animai
861 1835 913 1886 960

78 1907 173 1969 Altior,
185 1911 265 1973 atque
276 1906 345 1957 foras
357 1907 456 1973 ejectus
468 1906 564 1973 largior
576 1907 640 1972 ejus,

78 1976 114 2027 Et
128 1975 234 2027 divisior
245 1975 315 2026 inter
326 1991 352 2026 se
364 1991 396 2026 ac
408 1975 556 2027 distractior
566 1974 646 2028 intus.

418 2088 459 2142 De
470 2090 575 2143 somnis.

116 2175 159 2241 Et,
172 2191 223 2242 quo
236 2174 345 2243 quisque
356 2174 411 2226 fere
423 2175 509 2226 studio
522 2174 660 2227 devinctus
672 2173 796 2238 adhaeret,

81 2245 137 2296 Aut
150 2244 246 2312 quibus
256 2244 286 2296 in
297 2242 374 2296 rebus
385 2243 500 2295 multum
513 2261 602 2295 sumus
614 2249 676 2295 ante
688 2241 790 2306 morati,

81 2314 170 2381 Atque
182 2313 211 2364 in
223 2330 254 2364 ea
265 2313 366 2365 ratione
378 2312 431 2363 fuit
443 2318 567 2365 contenta
577 2312 661 2377 magis
672 2327 762 2372 mens;

83 2383 117 2434 In
129 2381 226 2434 somnis
238 2382 328 2434 eadem
340 2380 493 2448 plerumque
505 2381 624 2433 videmur
636 2378 720 2431 obire:

83 2449 216 2503 Causidici
227 2465 317 2502 musas
329 2462 406 2516 agere
418 2455 445 2501 et
457 2465 608 2517 componere
620 2448 708 2514 leges;

84 2520 288 2587 Induperutores
300 2534 416 2586 pugnare
428 2535 458 2571 ac
470 2517 562 2586 proelia
574 2516 645 2568 obire
652 2534 659 2578 ;

84 2589 181 2641 Nautee
193 2592 359 2640 contractum
370 2603 431 2638 cum
442 2587 528 2640 ventis
540 2602 644 2638 cernere
655 2583 770 2646 bellum;

144 2676 263 2720 ‘Autcute
272 2679 384 2726 corolum
400 2678 448 2719 MS.
642 2682 652 2712 ⁸
666 2680 749 2725 umens
764 2675 812 2716 Ms.
