1928 2964
338 146 446 201 LIBER
464 146 603 200 SEXTUS.
833 149 885 200 223

191 331 194 336 ,
255 283 296 337 ne
307 283 678 355 praedamnantem.
855 317 879 373 Χ

82 385 147 438 Haec
158 384 226 437 ratio
238 385 370 452 quondam
381 385 530 437 morborum
542 390 569 436 et
581 385 699 438 mortifer
711 391 788 439 aestus

47 453 152 507 Finibu’
166 453 295 521 Cecropiis
307 455 424 505 funestos
436 454 552 505 reddidit
564 470 646 520 agros,

47 523 221 590 vastavitque
233 523 296 587 vias,
309 522 432 575 exhausit
444 521 544 574 civibus
556 523 655 576 urbem.

46 591 117 644 Nam
129 591 242 659 penitus,
253 591 360 643 veniens
371 590 483 658 AEgypti
495 609 510 643 e
521 591 625 657 finibus,
638 598 718 659 ortus,
818 595 886 645 1140

46 659 118 713 Aera
130 677 280 727 permensus
292 660 406 712 multum
418 677 573 727 camposque
585 668 714 729 natantes,

47 728 175 781 Incubuit
187 728 295 781 tandem
306 728 402 796 populo
415 729 557 780 Pandionis
567 748 574 791 3
592 746 681 782 omnes

48 797 117 850 Inde
130 797 284 849 catervatim
296 797 384 848 morbo
396 798 525 864 mortique
538 797 675 851 dabantur.

83 865 224 934 Principio,
236 882 267 917 ca
286 872 317 916 ut
329 866 467 918 incensum
476 865 577 918 fervore
588 867 721 934 gerebant,

47 934 84 988 Et
96 934 212 1002 duplices
225 951 255 985 oc
285 951 312 986 os
324 934 422 1002 suffusa
432 934 633 1019 ψωμῷ.

48 1002 188 1056 Sudabant
200 1003 281 1055 etiarn
292 1003 380 1054 fauces
392 1003 549 1054 intrinsecus
561 1010 625 1056 atroe
680 1038 683 1042 -

48 1070 190 1138 Sanguine,
202 1078 229 1123 et
241 1071 371 1123 ulceribus
383 1073 453 1123 vocis
466 1073 509 1123 via
520 1080 595 1140 septa
607 1073 693 1125 coibat
703 1092 710 1136 ;

48 1139 73 1192 Δ
102 1157 142 1206 ue,
154 1140 236 1192 animi
248 1141 383 1207 interpres,
394 1140 520 1192 manabat
532 1140 624 1208 lingua
636 1158 734 1210 cruore,

48 1208 89 1262 De
109 1209 115 1220 '
130 1209 196 1261 'tata
206 1208 290 1273 malis,
303 1215 377 1260 motu
389 1209 484 1276 gravis,
496 1227 588 1328 aspera
600 1216 682 1263 tactu.

49 1276 123 1344 Inde,
135 1276 182 1329 ubi
193 1294 240 1345 per
251 1277 339 1329 fauces
351 1284 442 1345 pectus
454 1295 528 1345 comp
539 1285 602 1344 erat,
615 1285 642 1331 et
654 1279 741 1348 ipsum
820 1282 889 1332 noo

48 1345 171 1399 Morbida
182 1346 221 1398 vis
233 1346 261 1397 in
274 1363 317 1397 cer
328 1353 452 1398 moestum
464 1347 626 1400 confluxerat
638 1348 714 1416 aegris
721 1367 730 1413 3

49 1414 145 1468 Omnia
157 1421 215 1466 tum
226 1432 286 1466 vero
299 1415 365 1467 vitai
378 1415 492 1466 claustra
503 1415 635 1470 lababant.

48 1482 163 1552 Spiritus
174 1500 217 1535 ore
229 1483 298 1535 foras
310 1489 409 1535 tetrum
421 1483 542 1536 volvebat
555 1485 665 1552 odorem,

49 1550 169 1604 Rancida
181 1568 231 1619 quo
243 1552 361 1620 perolent
372 1554 488 1621 projecta
500 1552 627 1606 cadavera
638 1555 700 1608 ritu.

48 1619 139 1688 Atque
149 1621 232 1672 animi
244 1638 362 1689 prorsum
374 1621 441 1673 vires
453 1622 542 1688 totius,
555 1629 582 1674 et
594 1640 671 1676 omne

48 1688 106 1742 Ian
144 1689 204 1741 ebat
216 1706 316 1758 corpus,
328 1690 375 1742 leti
383 1692 441 1757 jam
453 1690 544 1743 limine
555 1692 584 1743 in
596 1692 653 1760 ipso
664 1711 671 1756 ;

49 1706 313 1826 mulgebifibusque
325 1759 401 1811 malis
414 1765 470 1811 erat
482 1761 578 1811 anxius
590 1778 672 1828 anger

102 1827 107 1839 '
146 1843 166 1879 e.
230 1844 264 1891 es,
277 1834 304 1879 et
316 1828 416 1894 gemitu
429 1829 572 1880 commixta
583 1829 705 1896 querela;

48 1826 240 1964 me
251 1897 373 1963 frequens
385 1903 488 1948 noctem
500 1914 616 1965 persaepe
628 1897 758 1966 diemque,

49 1963 122 2018 cerri
155 1982 183 2017 re
196 1964 299 2017 assidue
311 1982 403 2017 nervos
415 1971 442 2016 et
453 1965 570 2017 membra
582 1972 712 2033 coactans,
818 1971 888 2021 1160

49 2033 215 2087 Disserebat
227 2050 277 2100 eos,
290 2034 402 2086 defessos
415 2040 477 2086 ante
488 2034 611 2101 fatigans.
913 2055 949 2121 β

85 2102 140 2155 Nec
152 2102 233 2154 nimio
245 2103 369 2170 cuiquam
381 2120 467 2170 posses
479 2104 570 2155 ardore
582 2104 652 2156 tueri

50 2170 169 2240 Corporis
181 2171 210 2222 in
222 2188 323 2223 summo
335 2189 464 2223 summam
475 2172 618 2224 fervescere
630 2177 733 2241 partem
740 2192 749 2237 ς

49 2239 102 2293 Sed
114 2239 200 2308 potius
213 2240 333 2307 tepidum
344 2241 465 2291 manibus
477 2258 620 2309 proponere
632 2248 743 2308 tactum,

49 2307 86 2363 lle
98 2309 177 2360 simul
188 2308 318 2360 ulceribus
330 2309 404 2376 quasi
416 2310 511 2361 inustis
523 2326 599 2362 omne
610 2309 703 2363 rubere

49 2376 157 2459 Corpus,
169 2383 201 2429 ut
212 2383 258 2443 est,
272 2395 317 2445 per
328 2378 444 2429 membra
456 2395 527 2430 sacer
538 2396 621 2446 quum
632 2379 733 2432 diditur
744 2379 820 2448 ignis.

50 2444 151 2499 Intrma
162 2463 222 2514 pars
234 2445 369 2498 hominum
381 2464 441 2499 vero
453 2446 581 2513 flagrabat
593 2448 627 2500 ad
640 2465 709 2508 ossa;

50 2513 193 2582 Flagrabat
205 2515 337 2567 stomacho
349 2515 462 2580 flamma,
474 2522 506 2567 ut
518 2516 673 2581 fornacibus,
685 2517 773 2570 intus:

50 2581 97 2637 Nil
108 2583 173 2636 adeo
184 2600 270 2652 posses
283 2583 405 2650 cuiquam
417 2584 474 2636 leve
487 2591 617 2652 tenueque
629 2585 751 2638 membris

51 2651 160 2707 Vertere
171 2652 201 2704 in
212 2652 357 2705 utilitatem
364 2671 372 2715 ;
384 2652 418 2704 ad
430 2660 539 2706 rentum
551 2660 578 2707 et
590 2655 687 2723 frigora
698 2672 800 2725 semper
821 2654 890 2708 1170
