1928 2964
308 152 416 205 LIBER
433 151 596 217 QUINTUS.
818 155 868 203 155

28 255 126 308 linitil
144 256 313 324 nequeenim
326 257 448 308 caderent
460 257 551 309 avulsa
562 260 677 324 repente,

26 323 67 375 Ex
78 325 185 376 infinito
197 342 256 392 quse
269 332 384 393 tempore
396 326 597 393 pertolerassent

27 392 121 446 Omnia
134 400 266 445 tormenta
278 395 370 459 aetatis,
382 395 486 461 privata
498 395 607 461 fragore.

59 462 188 529 Denique,
197 463 255 530 jam
266 468 339 514 tuere
351 463 400 514 hoo
412 463 510 513 circum
523 479 660 531 supraque,
674 462 743 531 quod
755 479 859 514 omnem

26 529 150 583 Continet
162 531 287 598 amplexu
299 537 411 594 terram;
430 532 501 598 quod
513 538 632 599 procreat
644 550 677 583 ex
690 549 717 584 se
816 535 867 583 320

27 598 129 666 Omnis,
143 599 331 667 quodquidam
343 606 495 666 memorant,
507 601 653 668 recipitque
665 605 814 669 perempta:

26 667 122 720 'Potum
133 669 255 719 nativum
266 669 371 720 mortali
383 686 487 736 corpore
499 675 608 722 constat.

25 735 95 788 Nam
108 737 290 804 quodcumque
302 737 366 788 alias
379 754 412 788 ex
425 755 451 788 se
462 755 504 788 res
516 744 596 804 auget
608 738 716 807 alitque,

26 804 153 856 Deminui
165 805 250 872 debet,
262 807 373 858 recreari
385 823 467 875 quum
479 807 573 874 recipit
584 824 632 860 res.

256 921 342 986 Quare
355 921 448 974 actia
460 921 552 973 amaia
563 920 641 975 dicat.

61 1004 199 1072 Praeterea,
212 1006 234 1057 si
245 1007 320 1058 nulla
331 1007 385 1058 fuit
397 1006 519 1073 genitalis
531 1007 602 1074 origo

24 1073 116 1126 Terrai'
129 1080 155 1126 et
167 1075 234 1137 coeli,
247 1092 397 1143 semperque
410 1081 507 1126 aeterna
518 1077 592 1128 fuere
599 1095 606 1140 ;

24 1143 78 1196 Gur
91 1161 185 1212 supere
195 1143 296 1196 bellum
307 1145 461 1196 Thebanum
473 1149 500 1195 et
511 1146 605 1197 funera
618 1145 700 1212 Trojae

24 1212 86 1265 Non
98 1213 163 1264 alias
176 1213 223 1265 alii
235 1231 337 1281 quoque
348 1231 389 1264 res
401 1213 516 1264 cecinere
528 1213 629 1281 poetael

25 1281 83 1345 Quo
96 1287 136 1333 tot
147 1282 220 1334 facta
231 1281 318 1334 virum
330 1283 408 1334 toties
420 1282 552 1333 cecidere?
569 1299 654 1350 neque
667 1299 779 1350 usquam

24 1351 141 1402 AEternis
153 1351 231 1402 famae
242 1351 418 1403 monumentis
430 1350 511 1402 insita
522 1351 636 1404 florentl
813 1355 865 1405 330

60 1420 168 1486 Verum,
180 1426 213 1471 ut
225 1421 323 1488 opinor,
335 1420 416 1471 habet
427 1421 573 1471 novitatem
585 1437 688 1472 summa
698 1437 841 1488 recensque

24 1489 129 1542 Natura
140 1494 180 1541 est
191 1489 291 1556 mundi,
302 1506 388 1557 neque
399 1489 501 1557 pridem
513 1489 620 1542 exordia
632 1489 717 1559 oepit„

25 1558 113 1622 Quare
125 1558 206 1610 etiam
217 1559 338 1626 quadam
349 1575 420 1609 nunc
432 1565 501 1609 artes
514 1559 690 1627 expoliuntur,

24 1626 50 1678 N
51 1644 104 1678 unc
115 1628 197 1679 etiam
208 1634 365 1694 augescunt:
383 1644 455 1678 nunc
467 1627 558 1679 addita
569 1629 682 1695 navigiis
694 1635 757 1681 sunt

25 1695 114 1747 Multa
121 1715 128 1760 ;
146 1697 222 1748 modo
234 1697 350 1764 organici
361 1697 466 1749 melicos
479 1713 599 1764 peperere
612 1715 721 1751 sonores.

27 1765 145 1833 Denique
156 1771 252 1817 natura
265 1767 321 1817 haec
329 1783 417 1817 rerum
429 1766 547 1833 ratioque
559 1773 662 1835 reperta
674 1773 714 1819 est

26 1834 116 1903 Nuper
126 1854 134 1899 ;
151 1840 178 1886 et
190 1834 258 1887 hanc
270 1835 369 1902 primus
382 1835 543 1902 cumprimis
555 1835 611 1902 ipse
621 1843 741 1904 repertus

26 1903 50 1956 N
50 1921 103 1956 unc
115 1920 163 1970 ego
175 1921 241 1970 sum,
253 1905 282 1955 in
294 1903 393 1972 patrias
405 1905 451 1971 qui
463 1903 559 1971 possim
570 1910 671 1956 vertere
683 1922 764 1957 voces.

60 1972 143 2038 Quod,
157 1973 179 2024 si
191 1973 259 2024 forte
270 1973 352 2024 fuisse
365 1973 477 2025 antehac
490 1972 580 2024 eadem
592 1973 680 2025 omnia
692 1974 783 2040 credis,

22 2040 76 2094 Sed
88 2042 194 2109 periisse
205 2042 341 2094 hominum
353 2042 464 2094 torrenti
475 2041 552 2092 ssecla
563 2058 667 2110 vapore,
810 2045 862 2094 340

26 2111 80 2162 Aut
92 2111 214 2163 cecidisse
226 2111 302 2162 urbes
314 2129 410 2178 magno
422 2110 560 2162 vexamine
571 2112 672 2180 mundi,

22 2179 80 2232 Aut
92 2197 126 2232 ex
138 2179 263 2231 imbribus
276 2181 387 2231 assiduis
399 2180 483 2231 exisse
493 2195 606 2246 rapaces.

23 2248 75 2300 Per
87 2255 169 2301 terras
180 2266 276 2314 amnes,
289 2266 320 2301 ae
332 2249 428 2317 oppida
440 2249 615 2316 cooperuisse3

22 2317 109 2370 Tanto
120 2319 217 2386 quippe
227 2318 312 2386 magis
324 2319 409 2370 victus
421 2320 521 2370 fateare
533 2334 636 2370 necesse
648 2322 695 2384 est,

22 2387 144 2440 Exitium
156 2404 259 2456 quoque
271 2394 400 2440 terrarum
412 2387 521 2454 coelique
532 2386 659 2439 futurum.

22 2457 101 2523 Nam,
113 2473 195 2524 quum
206 2473 247 2507 res
259 2456 342 2507 tantis
353 2456 449 2507 morbis
461 2455 595 2529 tantisque
606 2454 711 2524 periclis

22 2526 207 2590 'l'entarentur‚
219 2524 257 2576 ibi
269 2524 291 2576 si
302 2525 402 2576 tristior
413 2524 574 2576 incubuisset

23 2596 115 2661 Causa,
128 2594 222 2646 darent
234 2594 288 2646 late
300 2593 408 2660 cladem,
420 2609 580 2660 magnasque
592 2592 696 2646 ruinas:

21 2665 77 2719 Nec
88 2664 191 2718 ratione
202 2663 255 2717 alia
265 2663 388 2715 mortales
399 2679 454 2715 esse
465 2661 585 2715 videmur
