1928 2964
347 157 455 212 LIBER
473 159 616 212 PRIMUS.

61 257 183 327 Ossaque,
197 265 223 311 et
236 259 344 312 omnino
356 277 436 313 venas
451 267 590 329 partesque
603 258 717 322 cruoris3

61 327 127 395 Fiet,
140 329 183 379 uti
195 329 269 380 cibus
282 329 366 381 omnis
378 335 405 381 et
417 330 514 395 aridus,
527 336 554 381 et
565 329 652 396 liquor
663 329 727 397 ipse,

60 397 101 447 Ex
114 397 270 464 alienigenis
282 397 360 449 rebus
372 407 490 450 constare
502 404 638 466 putentur,

61 466 168 518 Ossibus
180 474 207 518 et
220 467 307 518 nervis
320 468 445 535 venisque
457 474 483 519 et
496 467 624 534 sanguine
636 466 729 518 mixta.

94 536 233 602 Praeterea,
247 552 442 603 quaecumquee
454 543 524 588 terra
536 553 642 604 corpora
655 540 784 601 crescunt,

60 603 87 656 Si
99 610 164 656 sunt
176 605 205 655 in
217 605 301 670 terris,
314 611 411 656 terram
422 612 541 657 constare
553 621 656 656 necesse
668 609 708 656 est

59 673 101 725 Ex
114 673 278 741 alienigenis,
291 691 349 741 quae
362 675 437 726 terris
450 674 611 726 exoriuntur.
849 673 900 725 870

60 743 184 794 Transfer
196 744 269 809 item,
281 743 392 794 totidem
404 741 489 794 verbis
500 750 577 794 utare
589 743 693 794 licebit:

59 811 92 862 In
105 812 187 878 lignis
200 812 221 862 si
235 811 341 863 flamma
353 810 427 877 latet,
439 812 587 879 fumusque,
601 812 726 879 cinisque,

59 881 116 932 Ἐκ
129 881 286 946 alienigenis
298 881 442 932 consistant
453 880 527 947 ligna
538 897 642 932 necesse
654 886 699 933 est.

94 950 240 1016 Linquitur
251 949 295 1000 1110
307 950 395 1002 tenuis
407 949 532 1001 latitandi
545 950 620 1017 copia
632 950 760 1018 quaedam,

60 1019 91 1070 Id
104 1019 176 1087 quod
189 1019 360 1084 Anaxagoras
372 1019 421 1070 sibi
433 1019 529 1082 sumit;
546 1026 578 1070 ut
590 1019 710 1070 omnibus
723 1037 811 1071 omnes

61 1088 111 1140 Res
124 1094 204 1156 putat
217 1087 352 1138 immixtas
364 1086 441 1139 rebus
452 1087 566 1151 latitare,
579 1087 624 1138 sed
636 1087 704 1138 illud

59 1157 195 1225 Apparere
208 1173 298 1222 unum,
311 1158 385 1224 cujus
398 1157 451 1208 sint
463 1157 549 1224 pluria
561 1157 654 1222 mixte,

59 1226 94 1277 Et
106 1226 194 1292 magis
206 1225 235 1275 in
247 1231 360 1292 promtu,
373 1225 510 1293 primaque
522 1226 550 1277 in
562 1225 649 1277 fronte
660 1225 760 1280 locata:

60 1295 136 1358 Quod
150 1303 268 1346 tamena
281 1311 342 1345 vera
353 1294 430 1361 longe
442 1295 543 1346 ratione
554 1295 689 1362 repulsum
701 1301 747 1347 est.

60 1363 240 1416 Conveniebat
252 1363 328 1427 enim,
340 1364 429 1430 fruges
442 1380 544 1431 quoque
556 1380 631 1431 saepe,
644 1364 749 1432 minaci,
850 1366 900 1415 880

61 1433 163 1485 Robore
176 1449 237 1484 cum
249 1433 306 1483 saxi
317 1433 486 1500 franguntur,
497 1433 603 1484 mittere
617 1433 723 1500 signum

60 1502 210 1570 Sanguinis,
224 1507 270 1552 aut
282 1501 389 1569 aliquid,
402 1508 489 1554 nostro
502 1519 560 1570 quse
573 1519 678 1569 corpore
690 1502 812 1554 aluntur:

60 1573 151 1636 Quum
163 1570 279 1638 lapidem
290 1571 320 1621 111
331 1571 447 1639 lapidem
459 1572 575 1636 terimus,
587 1588 694 1622 manare
707 1589 830 1623 cruorem.

61 1640 197 1694 Consimili
209 1640 310 1691 ratione
322 1640 415 1691 herbas
428 1657 531 1708 quoquc
544 1658 612 1707 saepe
624 1639 740 1708 decebat,

60 1710 94 1762 Et
107 1710 196 1762 laticis
209 1708 297 1759 dulces
310 1715 401 1775 guttas
414 1710 544 1777 similique
557 1726 647 1776 sapore

60 1779 177 1846 Mittere,
190 1778 314 1844 lanigerae
327 1779 417 1846 quales
430 1784 492 1829 sunt
505 1779 582 1830 ubere
595 1778 684 1830 lactis:

60 1849 175 1915 Scilicet,
188 1855 215 1899 ct
227 1847 309 1914 glebis
321 1854 451 1899 terrarum
464 1865 531 1915 saepe
543 1847 628 1899 friatis

61 1918 213 1970 Herbarum
224 1933 320 1983 genera
332 1923 359 1967 et
370 1917 459 1984 fruges
471 1917 628 1983 frondesque
640 1916 723 1969 videri

60 1987 214 2056 Dispertita,
227 2002 258 2036 ac
270 1986 298 2036 in
310 1992 407 2038 terram
419 1987 524 2038 latitare
532 1987 653 2050 ,minute3

60 2057 202 2122 Postremo,
212 2055 241 2105 in
253 2055 332 2122 lignis
344 2056 458 2106 cinerem
469 2055 623 2123 fumumque
636 2054 727 2123 videri,
848 2059 899 2108 890

61 2127 149 2190 Quum
162 2125 301 2193 praeiracta
312 2126 406 2191 forent,
419 2124 543 2192 ignesque
556 2124 638 2176 latere
650 2125 772 2176 minutos.

61 2196 178 2259 Quorum
190 2193 230 2244 nil
241 2193 299 2244 fieri
311 2194 435 2260 quoniam
447 2195 588 2245 manifesta
600 2194 676 2245 docet
688 2212 736 2259 res,

60 2265 129 2317 Scire
141 2265 214 2329 licet,
227 2280 279 2314 non
292 2279 346 2313 esse
359 2263 386 2313 111
399 2263 475 2314 rebus
487 2280 527 2313 res
540 2263 578 2314 110
590 2263 701 2314 mixtas:

60 2334 159 2386 Verum
173 2332 273 2383 semina
284 2331 447 2382 multimodis
459 2333 582 2383 immixta
594 2332 676 2383 latere

59 2400 209 2456 Multarum
220 2417 308 2452 rerum
320 2401 349 2451 in
361 2401 437 2452 rebus
450 2402 598 2452 communia
611 2401 714 2451 debent.

91 2474 128 2525 At
142 2487 213 2540 saepe
224 2470 253 2521 in
265 2470 368 2537 magnis
380 2469 411 2521 fit
423 2471 564 2536 montibus,
577 2470 671 2536 inquis,
687 2475 716 2520 ut
728 2467 791 2519 altis
837 2498 841 2515 .

85 2581 94 2602 ⁸
106 2577 231 2627 Sequuntur
241 2573 262 2610 in
273 2572 320 2610 ΜΒ.
331 2584 402 2610 versus
413 2572 462 2620 duo,

175 2632 191 2653 ‘⁶
199 2629 291 2667 Prcetem
301 2628 363 2666 tellus
374 2639 419 2676 quae
429 2638 514 2676 corpora
524 2637 605 2674 cunque
615 2625 660 2671 0111,
671 2633 741 2677 auget,

197 2685 232 2724 Ex
240 2683 371 2734 alienigenis,
381 2695 427 2732 quse
437 2681 499 2735 lignis
510 2680 648 2721 eroriuntur.”
