1928 2964
71 139 105 188 64
376 134 405 188 Τ.
423 134 590 188 nocuum

71 237 113 290 Ex
125 235 291 289 insensilibus
303 253 336 287 ne
349 236 438 288 credas
450 236 544 287 sensile
556 235 648 305 gignii

72 307 205 358 Nimirum
217 305 317 373 lapides
329 311 356 357 et
368 305 441 372 ligna
453 311 480 356 et
492 311 569 371 terra,
583 306 653 373 quod
665 324 720 360 una

71 374 166 441 Mixta,
179 381 269 426 tamen
281 380 416 441 nequeunt
429 374 537 426 vitalem
548 375 655 426 reddere
668 393 783 431 sensum.

107 445 178 496 Illud
190 445 219 495 in
231 443 274 494 his
286 443 368 510 igitur
379 443 464 494 foedus
477 443 624 495 meminisse
637 444 747 511 decebit,
861 449 912 501 890

71 513 97 565 N
98 530 131 565 on
143 531 177 565 ex
189 511 308 564 omnibus
321 511 433 577 omnino,
447 528 618 580 quaecumque
630 520 721 566 creant
732 532 782 582 res,

72 582 171 634 Sensile
184 587 211 633 et
223 581 354 648 extemplo
366 598 409 632 me
421 581 496 647 gigni
507 581 593 632 dicere
605 594 709 634 sensus!

72 650 123 703 Sed
134 651 224 718 magni
236 650 339 715 referre,
352 667 382 701 ea
394 649 509 717 primum
522 650 651 716 quantula
662 656 793 720 constent,

72 719 171 771 Sensile
184 736 241 786 quse
253 719 363 785 faciunt,
377 724 403 769 et
415 735 468 784 qua
480 718 534 770 sint
545 719 657 786 praedita
668 720 760 787 forma,

72 788 196 853 Motibus,
209 787 350 853 ordinibus,
363 787 485 854 posituris
498 787 617 855 denique,
629 805 688 856 quae
701 789 769 842 sint:

71 857 189 920 Quarum
202 857 241 907 nil
252 873 339 907 rerum
350 856 379 906 in
392 856 477 924 lignis,
489 855 624 923 glebisque
636 858 760 911 videmus.

72 925 107 978 Et
120 932 208 978 tamen
221 925 283 990 haec,
296 942 379 992 quum
391 931 453 976 sunt
465 926 540 993 quasi
552 926 701 993 putrefacta
712 944 759 996 per
770 927 875 996 imbres,

72 993 234 1047 Vermiculos
246 994 361 1061 pariunt,
374 994 436 1061 quia
449 1011 555 1062 corpora
567 995 696 1063 materiai,

72 1063 195 1130 Antiquis
208 1081 241 1114 ex
254 1062 387 1114 ordinibus
419 1069 517 1114 ermota
529 1080 597 1116 nova
609 1082 643 1128 re,

73 1133 253 1186 Conciliantur
263 1131 309 1199 ita,
322 1138 354 1183 ut
366 1081 462 1183 defient
474 1132 599 1184 animalia
610 1133 691 1200 gigni.
862 1137 913 1189 900

106 1202 215 1268 Deinde,
228 1219 261 1253 ex
274 1200 411 1252 sensilibus
423 1217 506 1267 quum
518 1201 611 1253 sensile
623 1219 696 1269 posse
709 1203 793 1256 creari

73 1271 250 1337 Constituant,
263 1287 346 1339 porro,
359 1287 392 1322 ex
404 1269 463 1321 aliis
476 1271 572 1322 sentire
584 1271 661 1337 sueti,

72 1340 165 1394 Mollia
178 1347 235 1392 tum
247 1341 363 1391 faciunt:
381 1357 443 1390 nem
455 1356 545 1390 sensus
553 1341 678 1407 jungitur
689 1341 774 1392 onmis

73 1409 229 1475 Visceribus,
242 1409 335 1474 nervis,
348 1409 427 1474 venis,
441 1424 610 1476 quacumque
621 1408 741 1462 videmus

72 1477 165 1530 Mollia
177 1477 282 1529 mortali
294 1478 432 1529 consistere
445 1494 550 1545 corpore
562 1483 640 1530 creta.

107 1546 158 1599 Sed
170 1552 259 1598 tamen
271 1551 326 1597 esto
334 1547 392 1613 jam
403 1563 477 1614 posse
489 1547 544 1598 hac
557 1551 654 1598 aterna
665 1564 770 1600 manere
777 1567 786 1612 3

72 1614 173 1683 Nempe
186 1621 274 1666 tamen
287 1613 383 1666 debent
395 1621 442 1667 aut
454 1632 558 1666 sensum
569 1616 652 1684 partis
664 1615 767 1684 habere,

73 1684 129 1736 Aut
141 1683 237 1734 similia
249 1683 311 1734 totis
324 1683 481 1735 animalibus
494 1702 548 1736 esse
560 1685 655 1752 putari.

72 1753 110 1805 At
122 1757 254 1820 nequeant
265 1769 312 1819 per
324 1770 351 1804 se
363 1759 450 1821 partes
463 1754 566 1820 sentire,
578 1770 682 1805 necesse
693 1759 741 1807 est.

73 1821 194 1888 Namque
205 1821 269 1872 alios
282 1839 370 1873 sensus
382 1821 557 1874 membrorum
568 1823 668 1891 respuit
680 1822 782 1877 omnis:
864 1829 915 1877 910

73 1889 128 1942 Nec
140 1907 233 1942 manus
245 1907 261 1941 a
273 1890 347 1942 nobis
359 1892 428 1959 potis
440 1898 479 1942 est
492 1897 597 1958 secreta,
610 1908 695 1958 neque
707 1892 765 1944 ulla

74 1959 190 2027 Corporis
203 1959 308 2011 omnino
321 1977 425 2011 sensum
437 1977 496 2028 pars
509 1960 563 2012 sola
575 1967 670 2012 tenere.

73 2028 221 2096 Linquitur,
234 2034 265 2079 ut
278 2029 339 2080 totis
351 2029 509 2080 animalibus
521 2029 698 2081 assimilentur
705 2047 713 2092 ;

74 2096 157 2150 viteli
170 2103 199 2148 ut
213 2097 312 2164 possint
325 2098 470 2149 consentire
483 2098 599 2166 undique
611 2115 696 2150 sensu.

74 2167 126 2231 Qui
138 2171 262 2235 poterunt
274 2166 357 2232 igitur
368 2183 456 2217 rerum
468 2167 610 2233 primordia
622 2167 682 2234 dici,

73 2236 109 2289 Et
121 2236 168 2288 leti
180 2235 264 2287 vitare
277 2235 339 2300 vias,
352 2235 477 2286 animalia
489 2253 572 2302 quum
584 2237 644 2302 sint,

73 2306 110 2357 At
127 2323 161 2357 ue
173 2303 330 2356 animalibus
342 2303 371 2354 in
382 2303 536 2355 mortalibus
549 2322 601 2356 una
615 2305 776 2373 eademqucl

110 2322 187 2435 &uod
201 2380 289 2426 tamen
303 2379 332 2425 ut
344 2372 451 2441 possint,
464 2371 497 2424 ab
510 2380 578 2425 coetu
591 2374 753 2441 concilioque

73 2442 119 2494 Nil
132 2443 231 2495 facient
243 2449 338 2511 praeter
350 2442 460 2507 vulgum
473 2442 630 2509 turbamque
643 2443 826 2509 animantum

74 2510 179 2563 Scilicet
191 2518 222 2564 ut
234 2517 367 2580 nequeant
379 2510 503 2575 homines,
516 2518 642 2577 armenta,
654 2513 769 2580 seraque
865 2518 915 2568 920

74 2580 148 2632 Inter
160 2598 214 2632 sese
226 2581 308 2633 ullam
320 2598 375 2632 rem
387 2581 494 2647 gignere
507 2581 692 2632 conveniendo.

68 2649 116 2701 Sic
126 2649 227 2709 itidem,
240 2667 292 2718 qua
304 2651 438 2715 sentimus,
451 2648 546 2699 sentire
558 2666 661 2701 necesse
674 2654 721 2704 est.

413 2772 492 2790 Α
