1964 2970
87 140 139 192 208
386 135 431 194 ΣΤ.
449 135 616 189 uueuuru

87 238 124 291 Et
136 236 232 308 passim
243 243 299 291 toto
311 243 440 291 terrarum
452 255 573 306 spargere
584 238 613 289 in
625 236 693 303 orbe,
879 241 931 291 630

89 307 177 371 Quum
189 307 258 375 pluit
271 308 299 359 iu
311 308 394 374 terris,
406 313 433 359 et
445 307 518 358 venti
530 307 622 358 nubila
634 311 748 374 portant.

124 377 265 442 Postremo,
277 377 401 444 quoniam
412 392 470 429 raro
482 392 543 426 cum
555 392 660 444 corpore
672 375 751 426 tellus

88 443 146 510 Est,
158 452 185 496 et
197 447 339 513 conjuncta
351 451 397 511 est,
409 461 466 496 oras
478 444 558 496 maris
571 444 687 511 undique
695 444 823 510 'cingens3

90 513 182 578 Debet,
194 514 266 565 utin
278 531 350 566 mare
361 514 394 565 de
407 513 482 565 terris
494 513 567 565 veuit
579 513 673 564 humor
685 515 772 580 aquai,

90 580 123 633 In
136 588 217 634 terres
229 581 322 633 itidem
334 599 440 634 manare
452 599 485 633 ex
498 598 598 648 aequore
611 581 691 634 salso:

90 649 241 702 Percolatur
252 650 322 701 enim
334 651 414 716 virus,
426 656 547 717 retroque
558 655 678 701 remanat

90 717 213 770 Materies
225 717 348 785 humoris,
361 725 388 770 et
400 719 434 771 ad
447 724 527 786 caput
539 718 660 770 amnibus
671 718 756 770 omnis

90 786 205 838 Oonfluit
212 805 219 850 ;
237 786 299 838 inde
310 804 388 855 super
400 793 482 838 terras
495 786 563 839 redit
575 787 680 854 agmine
692 787 772 853 dulci,

91 854 204 918 Quavis
216 862 287 907 secta
299 856 378 908 semel
389 856 488 924 liquido
500 855 566 924 pede
578 855 675 907 detulit
687 857 778 909 undas.

439 970 480 1023 De
491 968 583 1023 AEtuo.

125 1056 203 1109 Nunc
214 1054 281 1108 ratio
294 1071 352 1122 quae
364 1053 406 1120 sit,
418 1071 464 1122 per
475 1055 563 1106 fauces
574 1055 671 1107 montis
683 1060 713 1107 ut
725 1055 814 1107 AEtnee
879 1058 928 1108 640

92 1125 233 1193 Exspirent
245 1125 318 1191 ignes
329 1123 462 1175 interdum
474 1123 580 1174 turbine
592 1129 675 1191 tauto,
771 1166 781 1171 ‚.

92 1194 251 1262 Expediam:
269 1209 354 1260 neque
366 1192 436 1244 enim
447 1192 534 1243 media
546 1192 579 1244 de
591 1192 675 1244 clade¹
686 1198 774 1245 coorta

93 1262 217 1314 Flamma
230 1267 377 1329 tempestas,
390 1259 509 1313 Siculum
521 1261 656 1312 dominata
667 1279 713 1329 per
725 1279 807 1328 agros,

93 1331 226 1382 Finitimis
238 1331 272 1382 ad
285 1348 311 1382 se
323 1330 451 1382 convertit
463 1329 585 1396 gentibus
597 1347 648 1396 ora,

94 1399 207 1452 Fumida
219 1416 301 1467 quum
313 1399 372 1451 coeli
384 1397 527 1450 scintillare
538 1399 626 1450 omnia
638 1398 738 1466 templa

94 1468 241 1533 Cernentes,
255 1468 350 1535 pavida
362 1467 528 1534 complebant
540 1474 646 1535 pectora
658 1484 728 1533 curn,

95 1537 165 1600 Quid
177 1537 312 1588 moliretur
323 1554 410 1587 rerum
422 1541 518 1587 natura
530 1553 663 1588 novarum.

130 1606 209 1657 Hisce
221 1604 270 1656 tibi
281 1605 310 1655 in
322 1605 399 1656 rebus
411 1605 465 1655 late
477 1610 516 1655 est
528 1604 633 1672 alteque
640 1604 789 1670 videndum,

95 1673 130 1725 Ec
141 1674 218 1740 longe
230 1679 336 1724 cunctas
348 1674 376 1724 in
389 1679 476 1740 partes
489 1673 686 1740 dispiciendum,

95 1743 132 1794 Ut
145 1742 325 1807 reminiscaris,
338 1759 467 1792 summam
478 1759 565 1793 rerum
577 1759 631 1794 esse
643 1741 806 1810 profundam,
878 1745 932 1795 650

95 1811 130 1863 Et
143 1811 238 1876 videas,
251 1810 346 1862 coelum
359 1813 471 1862 summai
484 1811 566 1862 totius
578 1828 661 1862 unum

96 1880 182 1943 Quam
194 1880 228 1932 sit
240 1879 350 1948 parvula
362 1896 428 1948 pars,
442 1889 468 1940 et
481 1897 559 1947 quam
571 1879 721 1933 multesima
733 1886 850 1932 constet:

96 1949 122 2000 N
123 1967 151 2000 ec
164 1956 219 2001 tota
231 1966 298 2017 pare,
311 1949 388 2000 homo
400 1951 480 2001 terrai¹
493 1955 573 2016 quota
585 1949 666 2000 totius
678 1966 755 2001 unus.

98 2019 172 2081 Quod
184 2018 249 2069 bene
262 2019 422 2086 propositum
435 2018 456 2068 si
465 2017 546 2085 ‚plane
558 2023 703 2083 contueare,

96 2087 135 2138 Ac
148 2087 236 2138 videas
248 2087 332 2154 plane,
345 2087 435 2137 mirari
447 2087 533 2137 multa
545 2086 686 2152 relinquas.

131 2155 203 2207 Num
215 2156 273 2223 quis
285 2156 355 2206 euim
366 2153 486 2206 nostrum
497 2155 614 2220 miratur,
627 2155 650 2206 si
662 2155 720 2223 quis
731 2155 761 2207 iu
772 2160 846 2206 artus

97 2225 206 2292 Accepit
219 2224 302 2276 calido
314 2222 408 2274 febrim
419 2223 519 2275 fervore
531 2231 653 2290 coortam,

97 2294 153 2345 Aut
165 2294 247 2344 alium
260 2292 376 2360 quemvis
387 2291 470 2343 morbi
482 2309 529 2359 per
539 2293 656 2344 membra
668 2291 799 2344 dolorem?

99 2362 265 2429 Obturgescit
278 2362 348 2412 euim
360 2360 445 2412 subito
458 2378 510 2428 pes,
522 2361 615 2428 arripit
626 2379 685 2413 acer

99 2430 171 2498 Saepe
183 2431 256 2482 dolor
268 2430 366 2496 dentes,
379 2430 466 2482 oculos
478 2430 580 2481 invadit
592 2431 619 2481 iu
633 2431 701 2498 ipsos
712 2449 720 2494 ;
881 2433 933 2482 660

98 2498 210 2550 Exsistit
222 2516 293 2550 sacer
304 2499 379 2566 iguis,
392 2505 419 2551 et
432 2498 484 2549 urit
497 2515 600 2565 corpore
612 2517 716 2566 serpens

93 2567 295 2640 Quamcumque
307 2568 422 2641 arripuit
433 2573 544 2638 partem,
553 2568 673 2636 repitque
684 2585 731 2634 per
742 2574 815 2633 artus
821 2586 830 2632 ;

437 2655 446 2694 l
457 2652 549 2710 glaube3
559 2650 611 2691 MS.

971 40 976 129 l
