1928 2964
81 139 134 188 216
394 136 422 189 Τ.
440 136 608 189 nuceum

80 235 232 287 Utilitatem
244 240 419 303 opportunam
431 235 575 286 sitientibu‘
588 236 686 302 nautis,

80 304 157 366 Quod
169 304 257 356 dulces
268 305 339 356 inter
350 303 430 356 salsas
442 305 595 356 intervomit
607 306 699 357 undas.

79 371 123 424 Sic
136 373 220 440 igitur
232 390 278 441 per
290 391 350 426 eum
362 379 471 441 possunt
483 390 618 440 erumpere
630 374 740 438 fontem,

78 440 115 492 Et
127 448 226 494 scatere
238 442 285 493 illa
297 443 365 493 foras
377 442 406 493 in
418 449 523 509 stupam
536 443 649 505 semina;
669 460 720 510 quo
733 459 817 510 quum

79 509 251 576 Conveniunt,
264 521 309 562 aut
320 511 349 562 in
361 511 440 562 taedai
454 527 557 578 corpore
569 511 712 578 adhaerent,

79 576 227 631 Ardescunt
238 579 316 631 facile
328 579 460 646 extemplo
467 598 474 642 ;
493 580 562 645 quod
574 580 660 631 multa
672 596 775 647 quoque
788 579 817 630 in
830 597 857 632 se

78 645 184 699 Semina
195 648 293 699 habent
305 648 373 714 ignis
386 654 470 715 stupae
483 649 609 715 taedaeque
622 655 748 700 tenentes.
869 651 918 700 900

112 716 205 768 Nonne
219 716 291 767 vides
303 717 391 782 etiam,
403 723 533 768 nocturna
545 717 579 768 ad
591 717 692 768 lumina
704 717 791 768 linum

77 784 168 853 Nuper
181 785 225 835 ubi
238 785 398 837 exstinctum
411 785 556 850 admoveas,
568 785 705 837 accendier
715 792 779 837 ante

77 852 165 914 Quam
178 855 267 920 tetigit
279 854 427 918 flammam
446 854 593 921 taedamque
605 855 663 922 pari
674 854 795 907 rational

77 921 216 991 Multaque
228 929 360 990 praeterea,
373 923 445 991 prius
457 924 513 991 ipso
526 930 598 975 tacta
609 940 705 990 vapore

76 991 188 1044 Eminus
200 992 347 1057 ardescunt,
360 1009 439 1060 quam
451 993 568 1043 cominus
581 991 681 1043 imbuat
690 993 770 1059 ignis.

77 1060 135 1113 Hoc
147 1061 230 1128 igitur
241 1061 298 1112 fieri
311 1078 412 1129 quoque
424 1062 452 1112 in
464 1061 510 1112 illo
522 1061 596 1112 fonte
608 1061 757 1128 putandum
769 1067 818 1114 est.

398 1177 439 1231 De
450 1187 570 1248 maqaetc

111 1263 189 1324 Quod
201 1269 326 1331 superest,
338 1280 414 1332 agere
426 1263 558 1331 incipiam,
571 1281 623 1331 quo
635 1263 732 1314 foedere
743 1262 792 1315 fiat

75 1333 192 1398 Naturae,
205 1332 273 1400 lapis
285 1332 328 1384 hic
341 1341 371 1384 ut
383 1334 481 1385 ferrum
494 1333 588 1384 ducere
602 1332 690 1400 possit,

77 1402 161 1465 Quem
173 1401 300 1468 Magneta
312 1408 407 1455 vocant
419 1402 504 1469 patrio
516 1402 549 1453 de
561 1402 666 1454 nomine
679 1401 759 1465 Graii,

74 1469 231 1536 Magnetum
243 1471 306 1537 quia
318 1472 352 1522 sit
364 1471 457 1538 patriis
469 1469 606 1522 infinibus
618 1477 697 1522 ortus.
864 1474 916 1522 910

110 1539 190 1590 Hunc
202 1539 320 1591 homiues
331 1540 446 1607 lapidem
458 1540 595 1606 mirantur,
608 1539 705 1607 quippe
717 1543 840 1591 catenam

74 1608 149 1675 Saepe
162 1625 194 1659 ex
207 1608 319 1659 annellis
331 1609 417 1659 reddit
429 1607 603 1676 pendentibus
616 1625 695 1659 exse.

75 1677 196 1743 Quinque
208 1677 306 1727 etenim
318 1676 381 1727 licet
393 1676 534 1743 interdum,
547 1677 686 1744 pluresque
699 1676 796 1743 videre,

75 1746 172 1798 Ordine
184 1744 302 1811 demisso,
314 1745 415 1797 levibus
424 1746 549 1812 jactarier
560 1746 638 1812 auris,

74 1815 148 1867 Unus
160 1814 206 1866 ubi
218 1831 251 1866 ex
264 1831 317 1866 uno
330 1814 459 1882 dependet
472 1815 560 1866 subter
572 1815 722 1883 adhaereps3

73 1883 115 1935 llx
128 1884 231 1952 alioque
243 1884 310 1936 alius
322 1883 417 1953 lapidis
430 1884 484 1935 vim
496 1884 636 1950 vinclaque
648 1884 744 1935 noscit:

73 1952 162 2020 Usque
174 1954 239 2005 adeo
251 1959 435 2021 permananter
448 1954 487 2004 vis
499 1953 616 2020 pervalet
629 1955 691 2019 ejus.

108 2023 166 2074 Hoc
178 2040 260 2089 genus
272 2023 300 2073 in
313 2024 389 2075 rebus
401 2022 558 2074 firmandum
572 2029 612 2075 est
624 2022 710 2073 multa
722 2021 801 2089 prius,
816 2040 898 2090 quam

73 2090 159 2157 Ipsius
170 2092 208 2142 rei
221 2092 349 2143 rationem
362 2091 468 2143 reddere
480 2091 576 2158 possis3

71 2159 107 2211 Et
120 2160 232 2211 nimium
245 2160 329 2226 longis
341 2159 494 2226 ambagibus
506 2167 545 2211 est
558 2159 722 2211 adeundum:
864 2165 917 2214 920

73 2228 129 2291 Quo
142 2230 225 2296 magis
238 2235 353 2281 attentas
366 2246 441 2280 aures
453 2229 621 2295 animumque
633 2245 745 2295 reposce.

318 2350 414 2404 Maera
426 2350 543 2403 omnibus
554 2367 571 2402 a
583 2348 661 2403 rebus.

105 2435 245 2503 Principio,
258 2434 378 2487 omnibus
391 2453 407 2487 a
419 2435 502 2499 rebus,
515 2451 692 2503 quascumque
705 2432 834 2500 videmus,

71 2502 201 2570 Perpetuo
213 2505 293 2556 fluere
306 2522 336 2556 ac
349 2505 420 2555 mitti
433 2505 570 2570 spargique
582 2519 686 2553 necesse
698 2507 738 2552 est

71 2570 189 2638 Corpora,
203 2590 260 2638 quae
273 2573 370 2624 feriant
382 2572 476 2634 oculos,
490 2573 626 2636 visumque
638 2571 782 2623 lacessant:

63 2637 251 2709 Perpetuoque
262 2641 352 2693 fluunt
365 2642 441 2693 certis
454 2640 487 2692 ab
499 2639 575 2690 rebus
588 2639 683 2704 odores,

204 2912 265 2922 4
