1928 2964
40 113 87 205 ici
160 93 175 135 '³
223 106 225 108 ²
342 141 450 193 uiuus
469 135 642 202 orsurus.
862 141 909 190 121

168 247 218 318 biis,
230 249 333 304 animus
346 266 410 317 ques
422 250 456 302 ab
468 268 495 302 se
507 250 626 318 protinus
639 249 720 302 abdit.

167 317 231 387 ique,
243 321 282 371 nil
295 320 355 372 sciri
367 320 390 371 si
402 320 460 387 quis
472 325 558 388 putat,
570 319 598 370 id
610 336 714 387 quoque
725 319 817 385 nescit,
859 319 911 371 470

163 387 190 439 'ri
200 389 286 456 possit,
300 389 346 456 qui
358 406 385 440 se
397 389 436 439 nil
448 389 516 440 scire'
525 389 639 439 fatetur:

167 455 244 525 igitur
256 464 347 510 contra
358 457 465 509 mittum
476 456 632 509 contendere
644 473 756 524 oausam,

164 527 221 594 pite
232 527 288 594 ipse
301 544 347 578 suo
358 527 388 578 in
400 527 495 578 statuit
507 525 619 592 vestigia
629 543 690 578 sese.

158 611 207 647 neu
217 595 266 647 hoc
278 613 381 665 quoque
393 595 434 646 uti
451 594 599 660 concedam,
612 595 691 658 scire;
709 600 737 647 at
749 595 777 647 id
789 595 877 664 ipsum

156 679 199 730 sm,
212 681 292 732 quum
303 665 332 716 in
344 664 421 716 rebus
433 664 488 716 veri
502 663 541 714 nil
548 663 649 731 ‚viderit
661 669 731 731 ante,

87 783 89 786 ,
158 734 230 802 sciat,
242 735 307 802 quid
320 734 355 786 sit
367 734 441 801 scire,
455 739 482 785 et
494 732 594 784 nescire
605 733 736 785 vicissimi

155 842 162 911 ξ
240 853 281 906 De
294 869 352 905 cero
364 868 440 905 senso
451 860 737 922 quareeoqooeoaotou

156 944 199 1009 ’em
210 949 264 1001 veri
276 965 334 1017 quae
345 965 387 1000 res
398 948 510 1016 falsique
523 948 633 1011 crearit3

154 1014 226 1077 ,bium
238 1023 309 1070 oeric
321 1035 380 1086 quae
392 1035 432 1069 res
445 1017 548 1069 differre
560 1017 693 1084 probarit?

153 1086 231 1154 enies,
244 1087 336 1154 primis
347 1086 381 1139 eb
394 1086 511 1138 sensibus
525 1103 579 1137 esse
592 1093 707 1139 ereetum

157 1170 197 1206 em
208 1157 270 1220 veri,
282 1173 367 1223 neque
380 1173 469 1207 sensus
482 1172 556 1236 posse
567 1155 665 1208 refelli:
858 1161 910 1209 480

155 1226 244 1292 majore
256 1224 308 1277 fide
320 1223 398 1276 debet
409 1225 546 1292 repenrier
558 1224 633 1290 illud,

157 1306 225 1346 esus
235 1294 304 1346 veris
316 1294 386 1362 quod
399 1294 481 1362 possit
494 1294 598 1346 vincere
610 1293 684 1346 falsa.

153 1365 246 1430 muj0re
257 1362 309 1416 fide
321 1380 403 1430 porro,
417 1380 496 1430 quam
509 1380 606 1430 sensus,
618 1363 709 1415 haberi

147 1428 170 1482 ai
186 1448 220 1483 an
231 1432 265 1484 ab
277 1449 354 1484 sensu
365 1432 431 1484 falso
443 1432 511 1484 ratio
524 1437 581 1484 orta
593 1432 692 1485 valebit

150 1514 213 1552 eoos
225 1507 323 1567 contro,
335 1519 394 1569 queo
407 1507 464 1553 tota
476 1501 509 1553 ab
522 1501 639 1553 sensibus
651 1507 708 1554 orto
721 1501 777 1555 esti

145 1567 183 1621 risi
193 1570 246 1622 sint
258 1571 320 1637 veri,
332 1571 400 1622 ratio
413 1587 515 1639 quoque
526 1570 593 1622 falsa
605 1571 637 1622 fit
649 1571 740 1624 omnis.

144 1643 245 1692 cierunt
257 1639 345 1692 oculos
357 1656 432 1692 aures
444 1640 650 1707 reprehendere?
668 1657 703 1692 an
715 1658 791 1692 eures

152 1706 180 1759 si
197 1725 232 1760 an
243 1709 315 1760 hunc
328 1726 403 1777 porro
415 1714 517 1761 tectum
530 1726 606 1776 sopor
617 1715 711 1776 arguet
723 1709 791 1762 orisi

61 1778 108 1828 An
121 1776 296 1830 confutabunt
307 1795 390 1845 nares,
404 1778 505 1830 oculive
517 1777 673 1830 revincent?

13 1879 16 1888 ·
61 1845 135 1910 Non,
147 1851 177 1898 ut
189 1846 286 1914 opinor,
299 1847 339 1899 ita
350 1853 403 1899 est:
422 1864 485 1898 nam
497 1864 612 1898 seorsum
624 1847 718 1915 cuique
729 1852 845 1916 potestas
855 1851 907 1900 490

60 1913 157 1968 Divisa
168 1922 221 1968 est:
240 1933 288 1968 sue
300 1917 340 1968 vis
352 1917 448 1984 cuique
460 1922 512 1968 est:
531 1916 641 1984 ideoque
653 1934 757 1969 necesse
769 1924 816 1986 est,

60 1985 97 2038 Et
110 1984 181 2052 quod
192 1985 270 2044 molle
282 1985 317 2037 sit
329 1990 356 2038 et
368 1985 486 2053 gelidum
497 1984 633 2038 fervensve
645 1986 743 2050 videri;

61 2053 98 2107 Et
112 2070 225 2105 seorsum
237 2055 322 2107 varios
334 2071 422 2106 rerum
434 2054 530 2106 sentire
542 2055 647 2121 colores,

61 2123 98 2176 Et
111 2139 282 2192 quaecumque
295 2122 419 2175 coloribu'
432 2123 486 2185 sint
498 2125 646 2191 conjuncte,
658 2141 762 2176 necesse
774 2127 821 2177 est.

60 2191 169 2245 Seorsus
180 2192 244 2244 item
257 2210 333 2261 sapor
346 2193 397 2245 oris
409 2192 489 2244 habet
501 2193 563 2260 vim,
576 2210 675 2244 seorsus
687 2193 778 2245 odores

60 2261 220 2328 Nascuntur,
233 2279 348 2314 seorsum
361 2262 476 2314 sonitus:
494 2261 606 2328 ideoque
618 2278 721 2313 necesse
733 2266 781 2328 est,

60 2330 121 2382 Non
134 2331 234 2398 possint
246 2331 310 2382 elios
322 2331 368 2383 alii
381 2331 535 2383 convincere
548 2348 645 2383 sensus.

60 2399 116 2452 Nec
128 2417 204 2468 porro
216 2404 341 2468 poterunt
353 2399 404 2468 ipsi
444 2399 603 2466 prehendere
617 2416 671 2450 sese
678 2416 685 2461 ;

60 2467 148 2536 AEqua
160 2467 224 2520 fides
237 2469 361 2536 quoniam
374 2417 480 2520 deidbit
492 2485 593 2536 semper
604 2466 703 2520 haberi.

61 2536 181 2604 Proinde,
200 2538 270 2606 quod
287 2537 317 2589 in
335 2554 436 2606 quoque
454 2541 495 2589 est
512 2536 554 2588 his
571 2536 658 2588 visum
675 2541 801 2607 tompore,
812 2554 906 2591 verum

165 2612 213 2660 est.
586 2622 589 2627 ‘
853 2612 906 2661 500

93 2675 137 2745 Iu,
149 2676 237 2730 sinon
249 2676 347 2746 poterit
358 2674 427 2728 ratio
439 2674 579 2728 dissolvere
591 2691 708 2746 ceuwm,
