1928 2964
73 160 126 211 150
387 159 414 212 Τ.
433 159 600 211 nnonnnn

72 259 172 311 Tactile
184 258 223 310 nil
235 257 308 310 nobis
321 258 391 326 quod
404 260 444 325 sit,
458 260 608 326 contingere
620 257 705 310 debet.

72 328 189 396 rlangere
202 329 272 379 enim
284 345 337 379 non
349 329 414 394 quit,
428 328 497 395 quod
509 329 583 394 tangi
595 345 648 378 non
660 327 723 378 licet
736 327 834 395 ipsum,

73 397 159 460 Quare
171 397 251 448 etiam
263 396 335 447 sedes
348 413 450 463 quoque
463 397 557 447 nostris
570 396 672 447 sedibus
684 414 739 447 esse

72 465 217 516 Dissimiles
229 465 332 530 debent,
346 472 438 516 tenues
451 465 483 516 de
496 481 600 531 corpore
613 481 708 516 eorum

73 534 138 598 Quae
150 534 200 586 tibi
212 534 339 601 posterius
351 533 424 600 largo
437 550 552 584 sermone
564 533 684 600 probabo.

106 602 199 654 Dicere
211 617 295 669 porro,
308 601 443 653 hominum
456 619 534 654 causa
545 601 657 653 voluisse
669 619 763 670 parare

72 669 228 722 Praeclaram
239 671 332 721 mundi
344 677 475 736 naturam,
487 677 675 738 proptereaque

71 738 238 791 Allaudabile
251 754 316 806 opus
330 739 422 791 divim
434 740 542 791 laudare
553 739 651 804 decere,

71 807 262 875 AEtemumque
274 815 367 875 putare
380 814 460 876 atque
471 807 618 859 immortale
629 808 760 875 futurum,
865 813 915 862 160

72 876 128 929 Neo
139 877 180 928 fas
193 893 253 942 esse,
266 876 346 927 deirm
358 877 427 943 quod
440 878 474 928 sit
486 877 586 928 ratione
598 882 704 928 vetusta

73 945 200 997 Gentibus
212 945 335 996 humanis
347 945 490 996 fundatum
502 951 627 1013 perpetuo
640 962 703 1009 aevo,

73 1013 219 1066 Sollicitare
231 1015 284 1064 suis
296 1014 352 1065 ulla
361 1015 389 1065 vi
401 1031 434 1064 ex
447 1014 550 1065 sedibus
562 1031 686 1081 unquam,

72 1083 128 1135 Nec
140 1083 224 1136 verbis
237 1100 338 1147 vexare,
351 1089 378 1134 et
390 1083 423 1134 ab
435 1083 487 1134 imo
500 1089 615 1134 evertere
627 1099 743 1135 summa:

73 1151 164 1204 Cetera
176 1153 208 1204 de
220 1169 314 1219 genere
326 1152 375 1203 hoc
387 1151 510 1219 affingere
522 1158 549 1203 et
560 1152 663 1217 addere,
676 1152 794 1219 Memmi,

72 1220 195 1289 Desipere
208 1228 260 1273 est:
279 1222 342 1288 quid
355 1222 425 1272 enim
436 1221 627 1283 imnortalibus
639 1228 719 1288 atque
731 1221 817 1274 beatis

73 1290 165 1342 Gratia
177 1296 266 1341 nostra
279 1296 356 1357 queat
368 1290 486 1356 largirier
498 1289 674 1355 emolumenti,

74 1358 112 1410 Ut
123 1365 213 1410 nostra
224 1360 367 1427 quidquam
379 1376 457 1410 causa
469 1375 557 1426 gerere
569 1358 776 1425 aggrediantur'l

74 1425 176 1490 Quidve
186 1428 248 1479 novi
259 1428 348 1495 potuit
359 1434 435 1479 tanto
446 1433 505 1496 post
517 1433 579 1480 ante
591 1427 692 1494 quietos

73 1494 183 1561 Illicere,
196 1501 227 1547 ut
239 1504 365 1564 cuperent
377 1497 460 1548 nram
472 1503 575 1548 mutare
587 1495 717 1563 prioreml
864 1499 914 1553 170

73 1563 141 1615 Nam
154 1564 267 1630 gaudere
279 1566 353 1617 noris
365 1564 441 1616 rebus
454 1566 546 1617 debere
559 1565 671 1632 videtur,

73 1632 122 1684 (lui
134 1639 233 1684 veteres
246 1633 357 1696 obsunt;
375 1634 427 1699 sed,
440 1634 483 1686 cui
494 1634 534 1685 nil
546 1634 641 1685 accidit
655 1634 719 1701 aegri

73 1700 198 1767 Tempore
209 1701 238 1751 in
251 1707 313 1752 ante
325 1709 391 1764 acto,
405 1719 486 1769 quum
498 1703 607 1771 pulchre
619 1703 725 1771 degeret
737 1719 832 1772 aevum,

74 1769 143 1832 Quid
156 1770 242 1836 potuit
254 1771 379 1822 novitatis
392 1789 505 1824 amorem
517 1772 658 1824 accendere
671 1771 739 1824 talil

72 1837 123 1904 An,
136 1839 218 1904 credo,
231 1839 260 1889 in
272 1841 385 1892 tenebris
397 1842 453 1893 vita
465 1860 496 1894 ac
507 1858 616 1892 moerore
624 1841 737 1908 Jaeebat,

73 1906 161 1958 Donec
174 1907 273 1959 diluxit
286 1921 373 1961 rerum
384 1911 507 1976 genitalis
519 1910 608 1977 origo?

74 1975 175 2038 Quidve
187 1976 251 2027 mali
263 1978 350 2030 fuerat
362 1980 435 2030 nobis
447 1997 500 2031 non
512 1997 566 2030 esse
578 1977 689 2031 creatis?

73 2043 158 2096 Natus
171 2046 240 2096 enim
253 2047 336 2113 debet,
349 2048 504 2115 quicumque
516 2055 562 2114 est,
574 2048 641 2100 velle
652 2064 758 2100 manere

74 2113 107 2164 In
119 2115 183 2181 vita,
196 2115 277 2166 donec
289 2116 413 2167 retinebit
424 2117 522 2168 blanda
534 2117 668 2185 voluptas:

74 2182 126 2244 Qui
138 2201 274 2252 nunquam
286 2201 345 2235 vero
357 2185 419 2235 vitae
432 2187 549 2252 gustavit
561 2203 682 2252 amorem,
866 2193 916 2243 180

74 2249 129 2303 Nec
141 2253 193 2304 fuit
205 2253 234 2303 in
245 2270 359 2319 numero,
373 2254 435 2319 quid
448 2255 519 2306 obest
531 2273 584 2305 non
596 2272 650 2306 esse
662 2255 798 2309 creatum?

109 2320 267 2389 Exemplum
280 2340 355 2390 porro
367 2323 505 2389 gignendis
517 2324 600 2388 rebus,
614 2330 640 2375 et
652 2324 710 2392 ipsa

74 2386 187 2441 Notities
200 2391 342 2458 hominum,
355 2393 396 2443 dis
408 2393 478 2443 unde
491 2400 530 2444 est
542 2393 621 2444 insita
632 2393 756 2461 primum,

75 2456 144 2518 Quid
157 2457 254 2510 vellent
266 2460 351 2512 facere
363 2468 394 2512 ut
407 2462 508 2527 scirent,
521 2463 658 2528 animoque
670 2462 809 2516 viderentl

76 2524 165 2586 Quove
177 2527 252 2577 modo
265 2535 305 2580 est
316 2547 432 2597 unquam
444 2530 483 2581 ris
496 2529 600 2594 cognita
612 2530 810 2600 principiorum,

76 2591 199 2659 Quidque
211 2594 280 2644 inter
292 2613 346 2648 sese
357 2603 505 2665 permutato
518 2598 608 2648 ordine
620 2604 733 2665 possent,

68 2660 101 2712 Si
109 2677 165 2714 non
175 2661 235 2731 ipsa
247 2662 320 2716 dedit
332 2666 463 2735 specimen
474 2670 571 2717 natura
583 2666 704 2718 creandil
