1928 2964
274 105 277 109 ’
345 128 454 180 uranu
471 127 614 182 paruus.

60 228 154 281 laetus
166 228 318 298 corporibus
331 231 441 296 cunctis,
452 230 569 283 intactus
580 229 662 283 inani

60 297 200 350 Servitium
212 305 312 365 contra,
325 306 475 367 paupertas,
488 301 646 368 divitiaeque‚

61 365 187 434 bibertaq·
196 367 304 433 bellum,
317 369 461 433 concordia,
474 374 572 435 cetera,
581 385 693 435 quorum

61 435 183 488 Adventu
195 443 285 488 manet
297 437 438 488 incolumis
449 444 546 489 natura
558 436 683 504 obituque
696 456 703 500 ;

61 504 123 557 Haec
136 506 209 557 soliti
222 522 319 571 sumus,
332 513 363 556 ut
375 523 423 573 par
434 515 481 572 est,
493 514 588 558 eventa
600 523 699 558 vocure.

92 574 209 643 Tempus
221 575 286 626 item
297 591 344 642 per
357 591 384 625 se
395 592 448 626 uon
460 582 506 639 est,
519 575 564 626 sed
576 575 653 627 rebus
666 575 699 626 ab
710 574 774 642 ipsis
848 578 901 626 460

62 642 235 711 Consequitur
247 660 345 710 sensus,
357 649 520 696 transactum
532 644 596 712 quid
608 645 643 695 sit
655 645 684 695 in
696 661 766 707 aev03

61 712 132 779 lum,
146 730 207 781 quae
219 730 260 763 res
272 713 361 778 instet,
374 714 437 780 quid
449 731 524 781 porro
537 713 631 765 deinde
644 718 780 781 sequatur:

62 780 114 833 Nec
126 799 175 850 per
187 799 216 833 se
228 798 386 849 quemquam
398 788 501 850 tempus
514 783 610 834 sentiro
622 783 760 833 fatendum
773 788 812 834 cst

15 850 17 855 ’
62 849 242 903 Semotumab
253 868 340 901 rerum
352 857 425 902 motu
438 851 592 920 placidaque
605 853 699 919 quiete.

93 920 224 988 Denique,
236 919 412 986 Tyndaridem
423 928 534 988 raptam,
547 921 665 988 belloque
679 919 798 972 subactas

61 989 221 1058 'l'rojugenas
232 995 324 1055 gentes
337 1006 434 1056 quum1¹
446 990 539 1042 dicunt
551 1008 612 1056 esse,
624 990 766 1042 videndum
779 996 824 1056 est,

62 1059 99 1111 Ne
110 1060 181 1111 forte
193 1058 250 1109 haec
263 1075 309 1125 per
321 1075 348 1110 se
360 1065 455 1125 cogant
466 1077 513 1110 nos
525 1077 580 1111 esse
591 1059 684 1122 fateri3

63 1127 173 1191 Quando
185 1145 217 1178 ea
230 1127 306 1178 saecla
317 1127 462 1194 hominnm,
475 1146 587 1196 quorum
598 1129 655 1180 haec
667 1134 761 1180 eventa
773 1128 853 1194 fuere,

62 1196 245 1249 Irrevocabilis
256 1195 393 1248 abstulerit
402 1199 459 1264 jam
470 1198 604 1265 proeterita
616 1204 687 1250 aetas.

62 1265 184 1333 Namque
196 1265 271 1316 alind
283 1266 365 1331 terris,
378 1266 451 1317 aliud
463 1267 611 1333 regionibus
624 1267 687 1335 ipsis
850 1266 901 1318 470

62 1335 196 1387 Eventum
209 1334 262 1385 dici
274 1335 377 1402 poterit,
390 1335 572 1403 quodcumque
584 1337 634 1389 erit
645 1343 742 1390 actum.

93 1404 217 1472 Denique
229 1405 350 1455 materies
363 1405 384 1455 si
395 1421 483 1456 rerum
494 1405 568 1456 nulla
580 1406 680 1473 fuisset,

15 1494 22 1543 ,ᾗ
62 1473 114 1526 Nec
127 1474 201 1525 locus
213 1489 244 1524 ac
257 1473 378 1540 spatium,
390 1491 431 1526 res
443 1474 472 1525 in
484 1491 535 1541 qno
548 1491 656 1543 quaeque
668 1479 797 1543 geruntur
804 1495 811 1539 ;

16 1562 33 1612 „¹¹
61 1543 206 1611 Nunquam
218 1541 374 1608 Tyndaridis
386 1543 475 1594 formae
488 1544 615 1595 conflatus
628 1562 715 1596 amore

62 1612 74 1662 I
112 1613 143 1678 is,
155 1611 302 1663 Alexandri
315 1611 430 1679 Phrygio
443 1612 491 1664 sub
504 1620 607 1680 pectore
619 1613 738 1681 gliscens,

62 1682 79 1733 0
150 1680 312 1733 accendisset
324 1682 385 1732 suevi
398 1682 542 1733 certamina
553 1682 630 1744 belli;

61 1751 85 1802 N
86 1769 116 1803 ec
129 1751 199 1804 clam
211 1749 354 1801 durateus⁰
366 1751 484 1818 Trojanis
497 1751 625 1818 Pergama
637 1759 717 1820 partu

62 1820 256 1871 Inflammasset
268 1836 350 1886 equus
362 1827 490 1872 nocturno
504 1821 727 1888 (trojugenarum

63 1888 212 1957 Perspicere
224 1892 256 1939 ut
268 1888 357 1955 possis,
369 1907 410 1940 res
422 1896 508 1956 gestas
520 1891 641 1942 funditus
653 1908 742 1943 omnes

63 1957 120 2010 Non
133 1958 180 2023 ita,
193 1957 235 2008 uti
247 1974 347 2025 corpus,
360 1975 407 2026 per
419 1976 446 2010 se
459 1966 583 2026 constare,
595 1977 680 2028 neque
693 1978 747 2013 esse
754 1980 761 2025 ;
851 1964 901 2013 480

63 2027 115 2079 Nec
128 2026 232 2079 ratione
244 2026 330 2077 cluere
343 2028 441 2093 eadem,
454 2045 505 2095 qua
518 2035 620 2080 constat
632 2030 724 2082 inane:

62 2095 112 2150 sed
123 2096 210 2163 magis
222 2101 254 2146 ut
266 2096 359 2147 merito
371 2098 452 2164 possis
465 2103 559 2149 eventa
572 2115 663 2150 vocare

62 2165 188 2233 Corporis,
200 2169 281 2232 atque
293 2165 351 2230 loci,
363 2183 404 2217 res
416 2166 445 2217 in
458 2183 509 2233 quo
522 2184 632 2235 qnaeque
644 2174 776 2235 gerantur.
862 2222 865 2227 ,

96 2234 210 2301 Corpora
222 2239 285 2284 sunt
296 2251 372 2301 porro
384 2235 481 2301 partim
493 2236 635 2304 primordia
646 2255 742 2306 rerum,

61 2300 164 2354 Partim
176 2302 287 2354 concilio
299 2320 357 2370 quae
370 2310 492 2356 constant
503 2306 698 2374 principiorum.

63 2371 120 2438 seq
133 2389 192 2441 quae
205 2378 267 2423 sunt
278 2389 366 2423 rerum
379 2373 528 2440 primordia,
542 2375 615 2426 nulla
628 2381 713 2442 potest
725 2374 764 2424 vis

64 2440 211 2509 Stringere3
229 2457 292 2492 nam
304 2441 385 2493 solido
397 2442 508 2494 vincunt
520 2461 551 2495 ea
564 2461 669 2511 corpore
681 2443 787 2494 demum
793 2461 801 2505 ;

65 2509 119 2562 Etsi
131 2509 240 2563 difficile
251 2527 306 2562 esse
319 2510 430 2576 videtur,
443 2512 546 2564 credere
560 2513 703 2580 quidquam

65 2578 96 2630 Iu
107 2580 184 2632 rebus
197 2579 279 2630 solido
291 2579 400 2646 reperiri
411 2598 516 2648 corpore
528 2599 616 2648 posses

200 2678 211 2698 ¹
225 2678 262 2721 αις
277 2674 325 2713 MS.
542 2679 551 2699 ⁰
565 2675 704 2730 dirategenn
717 2677 764 2717 Ms.

478 2747 494 2788 (l
832 2770 909 2790 ..-
