1928 2964
352 143 461 195 LIBER
477 143 622 198 PRIMUS.

66 243 103 297 Ne
115 245 167 298 tibi
176 263 216 299 res
227 246 340 299 redeant
352 245 386 298 ad
398 246 482 298 nilum
493 246 615 297 funditus
627 262 723 299 omnes.

66 313 134 376 Quin
146 317 241 383 potius,
253 317 304 368 tali
316 322 414 367 natura
425 316 544 383 praedita,
557 315 676 382 quaedam

66 383 177 451 Corpora
189 385 351 448 constituas余
369 385 458 452 ignem
470 385 492 436 si
503 385 571 436 forte
584 385 705 449 erearint,

66 450 142 504 Posse
154 453 253 521 eadem,
265 453 380 522 demptis
393 453 489 521 paucis,
502 453 645 521 paucisque
657 452 772 521 tributis,
855 458 907 507 800

66 521 161 574 Ordine
173 529 286 590 mutato,
299 531 326 574 et
338 529 420 589 motu,
432 523 518 574 facere
529 523 599 575 aeris
611 539 702 574 auras:

65 590 106 643 sie
118 591 185 643 alias
197 592 257 644 aliis
268 592 346 645 rebus
358 592 484 643 mutarier
496 609 592 643 omnes.

96 660 135 712 At
146 661 290 713 manifesta
301 661 389 730 palam
401 678 442 712 res
454 660 562 726 indicat,
576 661 670 728 inquis,
682 660 712 712 in
724 676 801 713 auras

64 730 138 782 Aeris
150 748 165 782 e
178 736 250 782 terra
261 747 302 782 res
314 747 403 782 omnes
415 747 528 782 crescere
540 729 641 798 alique3

12 842 16 847 .
63 798 104 864 Et,
116 800 170 851 nisi
182 806 323 867 tempestas
336 799 457 866 indulget
469 805 585 867 tempore
597 799 693 866 fausto,

64 868 195 920 Imbribus
207 874 235 920 et
248 867 307 921 tabe
319 867 467 920 nimborum
480 867 587 930 arbusta
599 867 725 921 vacillant
735 887 743 932 余

63 937 157 1006 Solque
170 955 220 989 sua
231 955 278 1006 pro
290 944 364 1006 parte
376 937 455 1002 fovet,
467 936 612 1004 tribuitque
625 937 735 989 calorem
747 956 754 1000 余

63 1006 183 1059 Crescere
195 1023 249 1057 non
261 1007 360 1074 possint
372 1007 468 1074 fruges,
481 1006 596 1068 arbusta,
609 1006 763 1059 animantes.

62 1075 177 1143 Scilicet,
190 1081 218 1126 et
229 1076 281 1127 nisi
292 1093 339 1128 uos
351 1075 424 1128 cibus
436 1075 526 1127 aridus
538 1080 565 1126 et
577 1082 652 1126 tener
663 1075 758 1127 humor

62 1145 189 1213 Adjuvet,
201 1145 295 1196 amisso
303 1146 361 1212 jam
373 1162 486 1214 corpore,
498 1143 555 1196 vita
567 1161 670 1212 quoque
679 1145 763 1196 omnis
852 1150 903 1198 810

63 1213 193 1266 Omnibus
206 1231 220 1265 e
232 1213 318 1265 nervis
330 1220 409 1282 atque
421 1213 521 1265 ossibus
534 1213 693 1265 exsoluatur.

62 1283 225 1351 Adjutamur
237 1283 307 1334 enim
319 1282 398 1335 dubio
427 1282 501 1334 rocul
513 1289 593 1350 atque
605 1281 702 1333 alimur
713 1299 761 1334 nos

35 1352 40 1365 '
62 1353 146 1404 Certis
159 1351 195 1404 ab
205 1348 290 1418 rebus,
303 1352 380 1404 certis
422 1353 451 1403 'ae
464 1358 544 1419 atque
556 1351 616 1403 aliae
627 1368 676 1403 res.

62 1421 204 1487 Nimirum,
217 1421 280 1489 quia
291 1421 369 1473 multi
381 1421 465 1473 modis
477 1421 627 1472 communia
638 1420 731 1472 multis

62 1490 213 1543 Multarum
224 1507 312 1542 rerum
324 1491 353 1541 in
365 1490 442 1542 rebus
454 1490 597 1558 primordia
609 1489 695 1542 mixta

62 1559 137 1625 Sunt,
150 1559 211 1612 ideo
223 1558 302 1612 variis
314 1559 392 1612 variae
404 1577 445 1611 res
457 1558 535 1612 rebus
547 1559 664 1611 aluntur.

62 1630 150 1696 Atque
162 1629 255 1681 eadem
266 1629 356 1696 magni
368 1630 448 1680 refert
460 1628 603 1697 primordia
615 1645 683 1696 saepe

62 1698 128 1750 Cum
140 1698 237 1766 quibus
249 1703 276 1749 et
287 1698 360 1765 quali
372 1698 489 1766 positura
501 1697 694 1764 contineantur,

61 1767 97 1819 llt
108 1785 175 1836 quos
187 1768 257 1819 iuter
269 1784 296 1818 se
309 1767 373 1819 dent
384 1773 472 1818 motus
484 1767 676 1834 accipiantque.

61 1836 183 1905 Namque
196 1836 287 1888 eadem
298 1836 401 1902 eoelum,
413 1853 493 1902 mare,
506 1843 596 1903 terras,
608 1836 727 1903 flumina,
739 1837 819 1890 solem
851 1843 902 1891 820

62 1905 235 1958 Constituunt
242 1924 249 1968 余
267 1905 358 1957 eadem
370 1905 466 1973 fruges,
480 1904 594 1971 arbusta,
607 1906 768 1959 animantes:

62 1974 161 2027 Verum
173 1975 234 2026 aliis
245 1975 348 2042 alioque
360 1974 437 2027 modo
449 1975 592 2026 commixta
604 1981 750 2028 moventur.

95 2045 167 2109 Quin
180 2044 262 2096 etiam
273 2043 371 2111 passim
382 2044 478 2095 nostris
490 2043 519 2094 in
531 2043 647 2096 versibus
658 2044 722 2112 ipsis

61 2113 148 2166 Multa
160 2113 293 2165 elementa
305 2112 385 2179 vides,
397 2113 488 2164 multis
501 2115 650 2166 communia
662 2113 755 2179 verbis,

61 2183 147 2246 Quum
159 2189 251 2234 tamen
262 2183 333 2234 inter
346 2199 372 2233 se
385 2199 475 2233 versus
487 2199 518 2233 ac
530 2182 610 2234 verba
621 2199 725 2234 neeesse
737 2189 777 2234 est

61 2252 204 2304 confiteare
217 2258 245 2303 et
256 2269 285 2304 re
298 2257 326 2302 et
337 2251 425 2302 sonitu
438 2251 535 2302 distare
548 2252 667 2304 sonanti:

60 2320 174 2374 Tantum
186 2320 319 2373 elementa
330 2326 439 2388 queunt,
452 2325 601 2387 permutato
614 2320 704 2372 ordine
717 2319 777 2372 solo.

60 2392 95 2442 At
106 2408 195 2444 rerum
207 2407 268 2458 quae
281 2395 344 2441 sunt
356 2389 508 2457 primordia,
520 2388 597 2457 plura
609 2388 733 2441 adhibere

61 2459 180 2528 Possunt,
192 2459 266 2513 unde
278 2464 378 2527 queant
390 2459 469 2510 variae
481 2475 522 2509 res
535 2475 645 2525 quaeque
658 2455 746 2508 creari.
