1928 2964
71 141 106 192 82
390 134 419 188 Τ.
437 133 608 187 nocuum

352 259 392 313 Dc
405 260 528 313 varietate
540 259 637 311 animi.

109 371 158 423 Est
170 371 250 423 etium
263 369 333 422 calor
344 369 390 422 ille
402 369 498 435 animo,
510 386 588 436 quem
600 369 682 421 sumit
693 369 723 420 in
734 369 782 436 iro,

74 441 164 505 Quum
176 440 305 506 fervescit,
318 444 390 491 etex
402 438 484 490 oculis
496 438 577 490 micat
589 437 691 490 acribus
703 438 788 493 ordor.
869 442 876 491 i

73 510 121 562 Est
133 514 161 561 et
172 509 270 576 frigido
282 508 366 560 multu
378 525 463 560 comes
475 507 624 559 formidinis
636 525 709 573 sura,

73 579 141 640 Ques
154 578 205 630 ciet
217 578 347 629 horrorem
359 575 489 642 membris,
501 581 528 628 et
540 576 655 628 concitat
667 583 747 630 ortus.

74 648 122 699 Est
134 647 214 699 etiem
227 663 329 713 quoque
341 645 430 713 pacati
442 651 526 696 status
539 645 607 696 aeris
619 644 672 711 ille,

74 716 182 768 Pectore
194 714 335 782 tranquillo
346 714 378 765 fit
390 714 443 781 qui,
455 714 583 781 vultuque
596 731 692 766 sereno.

74 784 125 837 Sed
138 784 217 836 calidi
230 783 289 851 plus
302 789 341 834 est
354 783 413 848 illis,
426 781 521 849 quibus
534 783 605 834 ocris
616 782 702 848 corde,

75 853 257 920 Irecundaque
269 869 342 903 mens
354 851 432 903 facile
443 851 588 903 effervescit
600 852 628 902 in
640 851 694 903 ira:

75 921 132 985 Quo
144 937 238 988 genere
250 920 277 970 in
291 920 382 987 primis
394 920 433 971 vis
445 926 485 972 est
497 919 614 972 violenta
625 920 739 986 leonum,

75 990 185 1044 Pectore
197 989 243 1058 qui
253 989 361 1040 fremitu
373 993 500 1056 rumpunt
512 988 665 1056 plerumque
677 993 821 1057 gementes,

74 1059 130 1112 Nec
143 1075 235 1127 cepere
246 1058 345 1108 irarum
356 1056 451 1108 fluctus
463 1057 493 1108 in
505 1064 608 1124 pectore
621 1063 737 1125 possunt

75 1127 113 1180 At
125 1135 232 1181 ventoso
243 1126 327 1193 magis
340 1142 474 1178 cervorum
485 1126 583 1193 frigida
594 1143 668 1177 mens
681 1133 727 1194 est,

76 1197 112 1250 Et
123 1197 223 1264 gelidos
236 1195 314 1247 citius
326 1212 373 1261 per
384 1195 483 1247 viscere
494 1195 610 1246 concitat
622 1212 706 1262 nurus,

21 1309 26 1315 .
77 1266 140 1330 Quae
153 1264 295 1317 tremulum
306 1263 409 1315 fuciunt
421 1263 542 1315 membris
555 1264 666 1316 existere
677 1269 787 1318 motum.

76 1333 113 1387 At
125 1340 221 1386 nature
232 1333 311 1385 boum
323 1332 426 1401 placido
437 1332 521 1398 magis
533 1335 593 1385 aere
605 1333 680 1400 vivit,

76 1402 103 1455 N
103 1420 132 1457 ec
143 1403 222 1453 nimis
233 1402 283 1454 irs'i
296 1402 343 1452 fax
355 1418 472 1469 unquam
485 1401 590 1454 subdita
603 1402 686 1469 percit

77 1471 196 1536 Fumida,
209 1470 359 1522 suffimdens
372 1486 446 1522 caecae
459 1469 578 1536 coliginis
590 1471 712 1535 umbras3

76 1539 103 1592 N
103 1557 133 1591 ec
145 1539 238 1606 gelidis
250 1544 336 1606 torpet
348 1539 407 1590 telis
419 1538 519 1607 perfixa
531 1539 633 1607 vaporis
645 1557 650 1592 :

78 1609 152 1661 Inter
163 1612 287 1676 utrosque
299 1608 350 1659 site.
362 1614 408 1675 est,
421 1625 508 1661 cervos
520 1625 652 1676 saevosque
663 1608 758 1662 leones.

113 1677 155 1730 Sic
168 1677 303 1729 hominum
314 1693 397 1744 genus
409 1683 449 1729 est
459 1696 466 1740 ;
478 1678 597 1744 quamvis
609 1678 728 1730 doctrino
740 1677 836 1747 politos

79 1746 228 1800 Constitust
239 1746 338 1814 pariter
350 1746 482 1813 quosdam,
495 1752 585 1798 temen
596 1747 643 1798 ills
654 1747 782 1815 relinquit

79 1817 187 1868 Nuturae
200 1818 324 1883 cujusque
336 1815 418 1867 animi
430 1815 541 1882 vestigia
553 1815 644 1883 prims.

79 1886 135 1954 Nec
147 1884 274 1937 radicitus
286 1884 364 1937 evelli
375 1884 445 1936 malo
457 1901 531 1951 posse
542 1884 692 1952 putandum
703 1891 751 1952 est,

81 1954 151 2018 Quin
163 1953 304 2021 proclivius
317 1953 360 2004 hic
372 1954 424 2005 iras
436 1954 559 2005 decurrat
571 1953 604 2004 sd
617 1970 705 2018 scres3

81 2023 131 2075 Ille
143 2028 217 2074 metu
228 2022 307 2073 citius
319 2022 398 2090 poulo
411 2028 544 2074 tentetur:
564 2028 592 2074 at
603 2022 648 2073 ille

80 2091 186 2144 Tertius
198 2091 311 2158 accipiat
323 2091 444 2158 qusedam
456 2091 611 2143 clementius
623 2108 713 2158 oequ0;

82 2160 167 2229 Inque
179 2159 238 2212 eliis
250 2159 327 2211 rebus
339 2160 431 2212 multis
444 2161 547 2212 differre
559 2177 661 2212 necesse
673 2166 713 2212 est

81 2231 197 2282 Naturss
210 2228 346 2280 hominum
358 2230 443 2281 varios
455 2247 590 2298 moresque
602 2245 741 2296 sequaces:

82 2300 199 2364 Quorum
212 2315 259 2365 ego
270 2316 342 2350 nunc
354 2315 454 2366 nequeo
466 2316 546 2350 caeoss
558 2316 688 2367 exponere
699 2316 800 2368 causas,

81 2369 108 2422 N
108 2386 137 2420 ec
149 2368 262 2435 reperire
273 2367 417 2435 figurarum
429 2374 469 2419 tot
481 2368 595 2434 nomina,
608 2375 673 2435 quot
685 2375 748 2420 sunt

83 2437 230 2505 Principiis,
242 2438 313 2488 uude
326 2438 382 2488 haec
394 2438 477 2489 oritur
489 2438 619 2489 variantis
631 2453 726 2490 rerum.

84 2506 156 2559 Illud
168 2507 197 2557 in
209 2506 249 2557 his
261 2505 338 2557 rebus
351 2506 439 2558 videor
450 2506 553 2557 firmare
566 2513 674 2573 potesse,

83 2577 173 2642 Usque
186 2574 250 2626 odeo
262 2583 416 2626 naturarum
429 2575 540 2641 vestigia
553 2574 637 2641 linqui

75 2643 204 2709 Parvula,
218 2660 278 2711 quse
290 2650 402 2712 nequeat
414 2643 481 2695 ratio
494 2642 623 2709 depellere
636 2642 729 2697 dictis:
