1928 2964
73 163 123 213 164
376 155 404 209 Τ.
418 154 584 209 nuceum

72 261 169 312 Annua
182 258 219 310 sol
231 258 260 311 in
272 275 323 327 quo
336 257 466 310 consumit
479 262 597 324 tempora
609 274 703 309 eursu:

71 329 139 396 Non,
151 329 267 396 inquam,
281 326 393 395 simplex
404 325 446 377 his
458 324 535 377 rebus
546 325 652 377 reddite
663 343 745 379 eausa
757 330 805 380 est.

290 443 424 498 Sententia
436 443 580 496 Democriti
592 442 622 496 de
634 443 691 496 sole.

107 530 176 581 Nam
187 529 244 581 fieri
256 529 298 581 vel
310 547 370 582 oum
383 529 475 597 primis
486 529 514 580 id
527 546 600 596 posse
612 529 726 596 videtur,

72 597 215 651 Democriti
227 598 296 665 quod
308 605 400 650 sancte
408 599 459 650 viri
471 598 601 651 sententia
647 598 702 651 uit:

73 667 177 730 Quanto
190 683 300 733 quseque
312 668 396 734 magis
409 667 462 718 sint
475 673 570 719 terrem
584 666 605 717 si
624 684 668 719 era
680 672 798 737 propter,

72 735 156 786 Tanto
168 752 241 803 posse
253 735 341 786 minus
354 753 414 786 oum
426 735 485 786 coeli
497 735 602 786 turbine
614 734 684 787 ferri.

72 803 231 856 Evauescere
244 804 315 854 enim
326 805 431 872 rapidas
443 803 521 869 illius,
534 809 560 855 et
572 820 643 856 aeres

73 872 198 924 Immiuui
210 872 298 924 subter
310 872 385 938 vires,
398 873 507 939 ideoque
518 871 632 940 relinqui

73 940 204 992 Paulatim
218 940 298 992 solem
310 958 370 992 eum
382 939 560 1009 posterioribu’
574 941 662 1007 signis,

73 1010 184 1062 Inferior
195 1009 311 1062 multum
322 1010 392 1078 quod
405 1010 446 1075 sit,
458 1026 539 1076 quem
550 1009 652 1065 fervide
664 1009 756 1077 sigua:

377 1123 417 1178 De
430 1124 500 1178 lenos
511 1142 597 1179 eursu.

73 1211 108 1261 Et
119 1211 203 1278 magis
215 1210 264 1262 hoe
276 1210 381 1263 lunam:
400 1217 427 1262 et
439 1217 537 1278 quanto
549 1210 684 1262 demissior
695 1212 755 1278 ejus

73 1280 169 1331 Cursus
181 1280 254 1332 abest
266 1280 356 1347 procul
368 1297 385 1332 a
397 1280 468 1344 ooelo,
481 1280 606 1346 terrisque
619 1279 788 1347 propinquat,

73 1348 157 1400 Tanto
169 1366 242 1417 posse
254 1348 342 1400 minus
354 1366 415 1400 oum
427 1349 508 1415 signis
520 1348 627 1400 tendere
639 1365 753 1402 cursum.

73 1416 233 1469 Flaccidiore
245 1418 325 1468 etiam
337 1423 435 1485 quanto
443 1419 500 1484 jam
512 1416 617 1468 turbiue
629 1417 713 1469 fertur

73 1485 184 1539 Inferior
196 1502 274 1552 qunm
287 1486 331 1551 sol,
344 1492 419 1538 tauto
430 1486 514 1552 magis
527 1485 613 1539 omnis
625 1486 702 1552 signa

73 1553 150 1605 Hanc
162 1554 344 1622 adipiscuntur
355 1555 454 1607 circum
465 1559 609 1623 praeterque
621 1552 750 1608 feruutur.

73 1621 214 1690 Propterea
225 1622 264 1688 fit,
276 1629 307 1674 ut
319 1623 374 1675 haeo
386 1624 420 1675 ad
433 1624 536 1690 siguum
549 1623 669 1690 quodque
680 1624 779 1677 reverti

73 1689 197 1741 Mobilius
209 1690 338 1757 videatur,
351 1693 385 1743 ad
397 1692 466 1744 haue
479 1692 541 1759 quia
554 1692 628 1758 signa
640 1692 766 1745 revisunt.

71 1758 73 1762 ⁸
108 1759 153 1810 Fit
165 1776 275 1826 quoque,
287 1767 319 1810 ut
331 1777 345 1811 e
357 1762 451 1813 muudi
462 1760 614 1813 transversis
626 1759 747 1827 pertibus
760 1763 808 1815 ser

75 1828 189 1880 Alternis
201 1834 271 1879 certo
283 1828 364 1881 fluere
376 1830 443 1881 alter
455 1835 571 1896 tempore
582 1829 671 1896 possit,

74 1897 124 1960 Qui
136 1903 215 1965 queat
228 1898 325 1949 aestivis
338 1898 417 1950 solem
429 1899 567 1950 detrudere
579 1897 660 1964 siguis

73 1966 208 2020 Brumales
221 1984 303 2034 usque
315 1967 349 2018 ad
360 1966 444 2019 flexus
456 1967 625 2033 gelidumque
636 1966 764 2032 rigorem

73 2034 109 2086 Et
121 2037 166 2103 qui
178 2036 280 2103 rejiciat
292 2035 385 2101 gelidis
397 2053 413 2086 a
425 2036 528 2102 frigoris
540 2035 639 2086 umbris

73 2104 209 2156 AEstiferas
222 2121 302 2170 usque
314 2104 343 2155 in
355 2110 441 2171 partes
454 2110 481 2154 et
493 2104 593 2155 fervida
606 2104 687 2169 signa.

73 2173 108 2224 Et
120 2174 220 2226 ratione
232 2173 289 2240 pari
301 2172 391 2223 lunam
403 2172 543 2239 stellasque
555 2172 703 2239 putandum
715 2177 763 2238 est,

75 2241 138 2304 Quae
151 2242 261 2294 volvunt
273 2258 381 2307 magnos
393 2241 421 2290 iu
433 2241 536 2306 magnis
549 2240 653 2292 orbibus
665 2257 754 2307 annos,

73 2309 185 2362 Aeribus
197 2328 271 2378 posse
283 2309 391 2361 alteruis
404 2326 418 2360 e
430 2309 548 2377 partibus
561 2309 606 2360 ire.

74 2378 166 2430 Nonne
179 2380 251 2430 vides
264 2379 343 2431 etiam
356 2379 464 2430 diversis
476 2378 568 2429 nubile
580 2377 666 2429 ventis

73 2446 195 2498 Diversae
207 2448 244 2498 ire
257 2448 285 2497 in
296 2455 392 2514 partes,
404 2448 507 2498 inferne
520 2446 659 2513 superuisi

75 2513 126 2574 Qui
140 2516 226 2566 miuus
238 2516 285 2567 illa
297 2522 394 2582 queant
406 2532 452 2582 per
464 2532 572 2580 magnos
585 2515 688 2567 aetheris
701 2513 775 2567 orbes

73 2581 191 2633 AEstibus
203 2584 271 2634 iuter
284 2601 310 2634 se
323 2584 430 2634 diversis
443 2583 528 2633 sidera
540 2583 619 2635 ferrii

104 2648 144 2700 rlt
154 2666 208 2701 nox
221 2651 308 2702 obruit
319 2651 422 2719 ingenti
434 2650 547 2717 caligine
560 2657 648 2719 terras,

115 2900 231 2930 A
