1928 2964
168 148 276 202 LIBER
294 149 453 203 nunnius
699 152 732 207 79

31 249 165 303 >labilibus
177 250 315 319 parvisque
325 257 413 302 ereata
424 251 522 318 figuris.

31 319 128 371 ¹mellis
140 320 302 372 constantior
314 327 353 371 est
365 326 467 385 natura,

31 389 109 440 aticcs
121 389 213 456 magis,
225 395 252 440 et
263 389 430 440 cunctantior
441 396 524 442 actus.

31 458 65 508 im
76 457 147 509 inter
159 475 185 508 se
196 458 280 524 magis
292 458 375 509 omnis
387 458 508 509 materiai

31 526 132 578 'unirum
144 526 206 594 quia
218 543 270 578 non
283 533 338 578 tam
350 526 459 578 laevibus
471 532 559 579 exstat

31 613 54 661 s,
66 612 152 663 neque
163 603 219 647 tem
231 595 371 647 subtilibus
383 601 463 662 atque
474 597 601 648 rotundis.

31 664 167 732 papaveris,
179 681 244 716 aura
255 671 342 731 potest
354 681 477 731 suspensa
489 664 605 731 levisque

31 732 84 784 tab
96 750 196 785 summo
209 733 259 784 tibi
270 732 373 784 diffluat
387 733 457 784 altus
469 751 594 797 acervus3

31 802 163 869 ¹lapidum
175 803 322 870 conjectum
334 802 515 869 spicarumque

31 876 84 922 est:
102 871 184 940 igitur
196 871 349 939 parvissima
361 887 467 938 corpora
481 888 525 938 pro
537 888 617 938 quam
680 875 731 924 200

30 940 82 992 ima
94 946 163 1005 sunt,
175 940 215 991 ita
226 939 374 990 mobilitate
385 939 516 992 fruuntur.

31 1025 215 1076 yquaecumque
227 1009 312 1075 magis
325 1026 385 1059 cum
398 1009 511 1076 pondere
522 1027 626 1076 magno,

31 1094 43 1128 e
54 1078 232 1143 inveniuntur,
245 1095 275 1129 eo
287 1078 404 1129 stabilita
416 1079 500 1144 magis
512 1087 581 1131 sunt.

31 1146 107 1213 gitur,
119 1147 244 1214 quoniam
256 1153 295 1198 est
307 1147 389 1198 animi
401 1153 497 1198 natura
508 1153 611 1214 reperta

31 1216 121 1282 gregie
133 1233 258 1283 perquam
271 1222 387 1267 constare
400 1232 502 1266 necesse
515 1224 554 1267 est

31 1301 48 1335 is
60 1285 145 1352 parvis
158 1292 184 1336 et
196 1285 304 1336 laevibus
317 1291 396 1351 atque
408 1285 534 1336 rotundis.

32 1354 137 1418 cognita
148 1371 188 1404 res
200 1354 228 1404 in
240 1354 340 1419 multis,
352 1370 367 1404 o
378 1353 452 1420 bone,
464 1353 542 1405 rebus

31 1422 142 1488 emetur,
154 1429 181 1473 et
193 1429 340 1503 opportuna
352 1421 457 1475 cluebit.

31 1502 109 1557 ioque
121 1508 161 1541 res
173 1492 254 1542 etiam
265 1501 388 1543 naturam
400 1491 504 1543 dedicat
516 1492 580 1558 ejus,

31 1560 65 1610 mi
77 1566 179 1611 constet
190 1566 314 1623 textura3
333 1576 464 1626 quamque
476 1560 531 1611 loco
544 1577 570 1612 se
679 1563 731 1612 210

31 1647 33 1676 a
44 1645 131 1696 parvo,
144 1629 165 1679 si
177 1630 259 1696 possit
271 1629 473 1695 conglomerari:

31 1697 68 1750 iul
80 1704 158 1764 atque
170 1698 301 1749 hominem
313 1697 361 1749 leti
373 1714 464 1749 secura
475 1697 548 1764 quies
560 1704 600 1750 est

31 1770 108 1832 atque
120 1767 201 1818 animi
214 1779 310 1818 natura
321 1767 468 1833 animaque
479 1767 592 1832 recessit,

31 1840 113 1886 >atum
125 1835 157 1887 de
169 1841 225 1887 toto
237 1853 341 1902 corpore
354 1852 444 1886 cernas

31 1921 68 1970 rm,
79 1904 119 1955 nil
130 1904 164 1956 ad
176 1905 293 1972 pondus:
311 1921 380 1955 mors
392 1904 479 1956 omnia
491 1909 606 1972 prestat,

31 1979 116 2040 ¹>meter
128 1990 231 2024 sensum
243 1973 409 2040 calidumque
422 1990 550 2040 vaporem.

31 2041 125 2093 nimam
136 2048 220 2094 totam
232 2042 366 2111 perparvis
379 2059 432 2093 esse
444 2059 547 2094 necesse
559 2048 599 2094 est

30 2128 49 2177 s,
61 2128 157 2162 nexam
168 2128 214 2178 per
225 2128 312 2178 venas,
324 2111 430 2178 viscera,
443 2128 550 2164 nervos:

42 2180 125 2231 omnis
137 2180 183 2231 ubi
195 2197 210 2230 e
222 2186 277 2231 toto
285 2182 342 2247 jam
354 2197 458 2248 corpore
470 2180 554 2246 cessit,

31 2248 187 2300 iembrorum
199 2249 396 2300 circumcaesura
408 2256 496 2301 tamen
509 2266 536 2300 se
680 2248 731 2297 220

31 2335 56 2369 m
68 2324 182 2385 prestat,
194 2335 242 2368 nec
255 2317 318 2369 defit
330 2318 451 2386 ponderis
463 2318 563 2368 hilum:

31 2404 67 2438 rus
80 2393 127 2453 est,
139 2387 236 2438 Bacchi
248 2404 330 2454 quum
341 2387 388 2437 fios
400 2387 515 2451 evanuit,
527 2390 575 2436 aut
586 2401 647 2437 cum

31 2457 149 2522 inguenti
163 2456 248 2507 suavis
261 2455 366 2521 diffugit
378 2455 407 2506 in
419 2472 504 2520 auras,

31 2542 143 2593 equum
153 2527 209 2592 jam
222 2541 313 2575 succus
326 2524 358 2575 de
371 2540 476 2590 corpore
488 2521 580 2574 cessit:
676 2589 678 2592 y

31 2600 134 2646 ttamen
146 2611 200 2645 esse
212 2593 296 2644 minor
308 2609 348 2643 res
359 2592 418 2659 ipsa
429 2591 534 2642 videtur

31 2685 44 2732 i,
54 2679 140 2730 neque
153 2662 301 2714 detractum
312 2660 345 2712 de
356 2659 469 2730 pondere
481 2657 646 2730 quidquam
