1928 2964
342 95 450 191 LIBER
468 139 637 204 QUARTUS.
860 144 909 196 127

71 241 107 293 At
119 245 220 307 contra,
233 240 328 308 quibus
339 246 379 294 est
391 242 482 293 eedem
493 259 534 294 res
546 242 619 294 intus
631 241 730 309 acerba,

70 310 172 378 Aspera
184 311 311 362 nimirum
322 316 462 378 penetrant
475 311 635 379 hamataque
646 311 743 363 fauces.

102 380 129 432 N
129 397 184 431 unc
196 379 274 431 facile
286 388 326 430 est
338 397 371 431 ex
383 379 424 430 his
436 378 512 431 rebus
525 397 677 447 cognoscere
690 396 806 449 quaeque.

70 447 182 517 Quippe,
196 448 241 500 ubi
253 449 297 500 cui
308 448 394 514 febris,
407 448 455 500 bili
467 456 613 518 superante,
626 457 714 502 coorta
728 457 775 516 est,

69 517 124 569 Aut
136 517 191 569 alia
201 519 303 569 ratione
315 518 404 586 aliqua
416 524 456 569 est
468 518 507 570 111
520 519 607 571 excita
619 517 718 582 morbi;

69 584 244 638 Perturbatur
255 586 293 637 ibi
300 588 358 654 jam
370 592 456 638 totum
469 604 569 654 corpus,
583 593 609 639 et
622 605 710 640 omnes

69 654 272 707 commutantur
283 654 321 706 ibi
334 655 457 722 positurae
469 656 670 724 principiorum:

68 721 120 791 Fit,
133 724 207 792 prius
219 725 253 775 ad
265 741 369 776 sensum
381 742 439 793 quae
452 741 558 793 corpora
570 725 767 794 conveniebant,
855 727 905 780 670

67 791 92 845 N
93 810 147 844 unc
158 809 213 844 non
225 794 389 860 conveniant,
402 799 429 844 et
442 799 528 846 cetera
540 794 593 846 sint
605 795 689 862 magis
701 801 772 864 apta,

68 861 130 925 Quae
143 867 282 930 penetrata
294 867 395 930 queunt
407 880 511 914 sensum
523 864 677 930 progignere
689 863 818 919 acerbum.

68 929 186 999 Utraque
198 933 269 982 enirn
280 936 342 983 sunt
353 932 383 983 in
394 932 479 983 mellis
492 933 633 984 commixta
645 950 752 1001 sapore3

66 999 98 1052 Id
111 1001 180 1069 quod
189 1003 248 1068 jam
259 1018 353 1070 supera
365 1001 415 1075 tibi
427 1018 495 1070 saepe
506 1002 667 1054 ostendimus
679 1009 748 1055 ante.

420 1117 461 1170 De
473 1117 553 1172 odore.
660 1105 663 1111 ’

98 1205 179 1258 Nune
191 1222 247 1272 age,
261 1222 310 1273 quo
322 1210 399 1273 pacto
410 1222 486 1257 nares
498 1205 617 1272 adjectus
628 1204 713 1256 odoris

65 1274 175 1342 Tangat,
189 1291 273 1341 agam.
303 1273 422 1325 Primum
434 1291 475 1325 res
487 1274 585 1325 multas
597 1290 651 1325 esse
663 1289 766 1324 necesse
778 1277 825 1340 est,

65 1344 142 1396 Unde
153 1343 238 1395 fluens
250 1343 339 1395 volvat
351 1343 439 1396 varius
452 1360 478 1394 se
490 1342 585 1395 fluctus
598 1343 721 1406 odorum3

63 1411 99 1465 Et
111 1413 200 1478 fluere,
213 1417 240 1464 et
251 1413 323 1464 mitti
336 1412 422 1479 vulgo,
436 1413 574 1481 spargique
586 1411 736 1479 putandum
748 1416 793 1464 est.

64 1481 164 1534 Verum
176 1481 236 1533 aliis
248 1482 316 1533 alius
328 1482 411 1548 magis
424 1487 463 1533 est
475 1479 653 1532 animantibus
665 1485 752 1548 aptus,

62 1549 209 1602 Dissimiles
221 1556 327 1620 propter
338 1550 447 1602 formas:
465 1550 575 1618 ideoque
587 1567 634 1618 per
645 1566 723 1601 auras
850 1551 902 1605 680

62 1619 151 1671 Mellis
163 1637 227 1687 apes
238 1619 356 1687 quamvis
367 1619 445 1687 longe
458 1619 592 1670 ducuntur
601 1618 693 1682 odore;

63 1687 233 1757 Vulturiique
245 1688 429 1752 cadaveribus;
442 1693 507 1755 tum,
520 1688 580 1740 fissa
592 1688 707 1739 ferarum

61 1756 170 1825 Ungula
181 1775 231 1825 quo
243 1758 335 1811 tulerit
347 1775 471 1826 gressum,
484 1757 610 1826 promissa
622 1774 718 1808 canum
730 1755 769 1809 111

60 1824 143 1879 Ducit
149 1845 157 1890 ;
176 1833 203 1878 et
214 1827 362 1878 humanum
373 1826 450 1894 longe
462 1826 598 1895 praesentit
610 1825 714 1877 odorem

60 1894 261 1948 Romulidarum
272 1896 340 1948 arcis
353 1903 474 1962 servator,
487 1895 614 1946 candidus
626 1911 708 1947 anser.

59 1963 103 2016 sie
115 1965 175 2016 aliis
187 1965 255 2016 alius
267 1965 343 2016 nidor
355 1964 434 2016 datus
445 1965 479 2016 ad
492 1981 539 2016 sua
552 1980 682 2032 quemque

58 2032 161 2085 Pabula
173 2034 253 2100 ducit,
266 2040 293 2085 et
305 2051 321 2085 a
333 2039 401 2085 tetro
413 2032 511 2085 resilire
524 2050 623 2084 veneno

58 2102 150 2170 Cogit3
169 2119 251 2170 eoque
263 2103 339 2154 modo
352 2108 488 2154 servantur
500 2101 577 2153 saecla
588 2101 710 2154 ferarum.

93 2172 147 2223 Hie
159 2172 223 2223 odor
233 2172 289 2240 ipse
301 2172 391 2238 igitur,
403 2188 479 2222 nares
492 2170 651 2239 quicumque
663 2168 774 2242 lacessit,

56 2239 105 2292 Est
117 2240 170 2292 alio
180 2245 212 2292 ut
258 2241 305 2293 ssit
316 2240 435 2309 permitti
446 2239 550 2306 longius
562 2240 641 2292 alter:
844 2241 895 2292 690

55 2308 107 2362 Sed
120 2315 210 2362 tamen
221 2259 294 2362 idad
306 2309 445 2378 quisquam
456 2315 513 2360 tam
524 2309 601 2376 longe
612 2309 696 2360 fertur
708 2324 805 2373 eorum,

56 2378 143 2442 Quam
155 2379 263 2446 sonitus,
275 2396 356 2447 quam
368 2396 435 2439 vox;
451 2379 529 2429 mitto
538 2379 595 2445 jam
608 2377 699 2442 dicere,
713 2393 792 2445 quam
804 2393 854 2445 ren,

55 2447 121 2510 Quae
132 2447 233 2499 feriunt
245 2449 379 2500 oculorum
391 2447 465 2511 acies,
478 2447 613 2514 visumque
625 2445 763 2498 lacessunt.

54 2515 227 2569 Errabundus
238 2517 308 2568 enim
320 2516 395 2568 tarde
406 2516 488 2581 venit,
500 2532 530 2566 ae
543 2515 611 2582 perit
623 2518 686 2566 ante

54 2584 197 2651 Paulatim,
209 2586 295 2638 facilis
307 2586 449 2638 distractus
460 2585 490 2636 in
501 2582 570 2635 aeris
582 2601 677 2647 auras;

56 2653 100 2709 Ex
110 2655 166 2709 alto
177 2655 293 2724 primum
304 2655 368 2724 quia
378 2653 425 2707 vix
436 2653 568 2706 emittitur
580 2669 613 2706 ex
624 2670 660 2706 re.
