<?xml version="1.0" encoding="UTF-8"?>
<!DOCTYPE html PUBLIC "-//W3C//DTD XHTML 1.0 Transitional//EN"
    "http://www.w3.org/TR/xhtml1/DTD/xhtml1-transitional.dtd">
<html xmlns="http://www.w3.org/1999/xhtml" xml:lang="en" lang="en">
 <head>
  <title>
</title>
<meta http-equiv="Content-Type" content="text/html;charset=utf-8" />
  <meta name='ocr-system' content='tesseract 3.04.00' />
  <meta name='ocr-capabilities' content='ocr_page ocr_carea ocr_par ocr_line ocrx_word'/>
</head>
<body>
  <div class='ocr_page' id='page_1' title='image "./tlucretiicaride03carugoog_0099.png"; bbox 0 0 1928 2964; ppageno 0'>
   <div class='ocr_carea' id='block_1_1' title="bbox 70 151 587 237">
    <p class='ocr_par' dir='ltr' id='par_1_1' title="bbox 70 151 587 237">
     <span class='ocr_line' id='line_1_1' title="bbox 70 151 587 237; baseline -0.002 -32"><span class='ocrx_word' id='word_1_1' title='bbox 70 151 101 205; x_wconf 76' lang='lat' dir='ltr'>&#39;u</span> <span class='ocrx_word' id='word_1_2' title='bbox 373 151 402 205; x_wconf 70' lang='grc' dir='ltr'>Τ.</span> <span class='ocrx_word' id='word_1_3' title='bbox 420 151 587 237; x_wconf 67' lang='lat' dir='ltr'>nocuum</span> 
     </span>
    </p>
   </div>
   <div class='ocr_carea' id='block_1_2' title="bbox 70 250 917 1561">
    <p class='ocr_par' dir='ltr' id='par_1_2' title="bbox 70 250 603 319">
     <span class='ocr_line' id='line_1_2' title="bbox 70 250 603 319; baseline 0.004 -16"><span class='ocrx_word' id='word_1_4' title='bbox 70 250 177 318; x_wconf 68' lang='lat' dir='ltr'>Integer</span> <span class='ocrx_word' id='word_1_5' title='bbox 189 257 216 303; x_wconf 93' lang='lat' dir='ltr'>et</span> <span class='ocrx_word' id='word_1_6' title='bbox 226 251 299 319; x_wconf 81' lang='lat' dir='ltr'>lorge</span> <span class='ocrx_word' id='word_1_7' title='bbox 311 252 405 305; x_wconf 85' lang='lat' dir='ltr'>diffuso</span> <span class='ocrx_word' id='word_1_8' title='bbox 416 253 517 304; x_wconf 90' lang='lat' dir='ltr'>lumine</span> <span class='ocrx_word' id='word_1_9' title='bbox 528 253 603 305; x_wconf 86' lang='lat' dir='ltr'>ridet.</span> 
     </span>
    </p>

    <p class='ocr_par' dir='ltr' id='par_1_3' title="bbox 71 320 695 390">
     <span class='ocr_line' id='line_1_3' title="bbox 71 320 695 390; baseline 0.003 -18"><span class='ocrx_word' id='word_1_10' title='bbox 71 320 166 372; x_wconf 82' lang='lat' dir='ltr'>Omnia</span> <span class='ocrx_word' id='word_1_11' title='bbox 178 322 329 388; x_wconf 84' lang='lat' dir='ltr'>suppeditat</span> <span class='ocrx_word' id='word_1_12' title='bbox 341 340 416 390; x_wconf 90' lang='lat' dir='ltr'>porro</span> <span class='ocrx_word' id='word_1_13' title='bbox 427 328 530 388; x_wconf 77' lang='lat' dir='ltr'>notura,</span> <span class='ocrx_word' id='word_1_14' title='bbox 543 339 627 389; x_wconf 89' lang='lat' dir='ltr'>neque</span> <span class='ocrx_word' id='word_1_15' title='bbox 639 321 695 374; x_wconf 80' lang='lat' dir='ltr'>ulla</span> 
     </span>
    </p>

    <p class='ocr_par' dir='ltr' id='par_1_4' title="bbox 72 389 673 458">
     <span class='ocr_line' id='line_1_4' title="bbox 72 389 673 458; baseline -0.002 -14"><span class='ocrx_word' id='word_1_16' title='bbox 72 389 123 444; x_wconf 74' lang='lat' dir='ltr'>Res</span> <span class='ocrx_word' id='word_1_17' title='bbox 135 390 217 441; x_wconf 81' lang='lat' dir='ltr'>animi</span> <span class='ocrx_word' id='word_1_18' title='bbox 229 408 320 458; x_wconf 80' lang='lat' dir='ltr'>pacem</span> <span class='ocrx_word' id='word_1_19' title='bbox 332 390 430 442; x_wconf 83' lang='lat' dir='ltr'>delibat</span> <span class='ocrx_word' id='word_1_20' title='bbox 442 398 558 458; x_wconf 89' lang='lat' dir='ltr'>tempore</span> <span class='ocrx_word' id='word_1_21' title='bbox 570 391 598 442; x_wconf 92' lang='lat' dir='ltr'>in</span> <span class='ocrx_word' id='word_1_22' title='bbox 610 391 673 443; x_wconf 89' lang='lat' dir='ltr'>ullo.</span> 
     </span>
    </p>

    <p class='ocr_par' dir='ltr' id='par_1_5' title="bbox 72 459 779 528">
     <span class='ocr_line' id='line_1_5' title="bbox 72 459 779 528; baseline 0 -18"><span class='ocrx_word' id='word_1_23' title='bbox 72 459 108 510; x_wconf 85' lang='lat' dir='ltr'>At</span> <span class='ocrx_word' id='word_1_24' title='bbox 120 465 211 510; x_wconf 81' lang='lat' dir='ltr'>contra</span> <span class='ocrx_word' id='word_1_25' title='bbox 223 477 353 526; x_wconf 82' lang='lat' dir='ltr'><strong>nusquam</strong></span> <span class='ocrx_word' id='word_1_26' title='bbox 365 467 493 528; x_wconf 79' lang='lat' dir='ltr'>apparent</span> <span class='ocrx_word' id='word_1_27' title='bbox 505 460 649 512; x_wconf 78' lang='lat' dir='ltr'>Acherusia</span> <span class='ocrx_word' id='word_1_28' title='bbox 660 459 779 527; x_wconf 80' lang='lat' dir='ltr'>templa;</span> 
     </span>
    </p>

    <p class='ocr_par' dir='ltr' id='par_1_6' title="bbox 72 527 698 596">
     <span class='ocr_line' id='line_1_6' title="bbox 72 527 698 596; baseline 0 -17"><span class='ocrx_word' id='word_1_29' title='bbox 72 527 128 579; x_wconf 86' lang='lat' dir='ltr'>Nec</span> <span class='ocrx_word' id='word_1_30' title='bbox 139 528 218 579; x_wconf 82' lang='lat' dir='ltr'>tellus</span> <span class='ocrx_word' id='word_1_31' title='bbox 231 527 324 594; x_wconf 80' lang='lat' dir='ltr'><strong>obstat,</strong></span> <span class='ocrx_word' id='word_1_32' title='bbox 337 529 401 595; x_wconf 91' lang='lat' dir='ltr'>quin</span> <span class='ocrx_word' id='word_1_33' title='bbox 414 529 501 580; x_wconf 82' lang='lat' dir='ltr'>omnia</span> <span class='ocrx_word' id='word_1_34' title='bbox 513 529 698 596; x_wconf 74' lang='lat' dir='ltr'>despiciantur,</span> 
     </span>
    </p>

    <p class='ocr_par' dir='ltr' id='par_1_7' title="bbox 73 595 807 665">
     <span class='ocr_line' id='line_1_7' title="bbox 73 595 807 665; baseline 0.003 -18"><span class='ocrx_word' id='word_1_35' title='bbox 73 595 128 647; x_wconf 86' lang='lat' dir='ltr'>Sub</span> <span class='ocrx_word' id='word_1_36' title='bbox 139 596 248 662; x_wconf 87' lang='lat' dir='ltr'>pedibus</span> <span class='ocrx_word' id='word_1_37' title='bbox 260 614 429 664; x_wconf 87' lang='lat' dir='ltr'>quaecumque</span> <span class='ocrx_word' id='word_1_38' title='bbox 441 598 510 649; x_wconf 78' lang='lat' dir='ltr'>infru</span> <span class='ocrx_word' id='word_1_39' title='bbox 521 615 568 665; x_wconf 88' lang='lat' dir='ltr'>per</span> <span class='ocrx_word' id='word_1_40' title='bbox 579 598 657 649; x_wconf 79' lang='lat' dir='ltr'>inane</span> <span class='ocrx_word' id='word_1_41' title='bbox 669 603 807 664; x_wconf 85' lang='lat' dir='ltr'>geruntur.</span> 
     </span>
    </p>

    <p class='ocr_par' dir='ltr' id='par_1_8' title="bbox 74 664 680 734">
     <span class='ocr_line' id='line_1_8' title="bbox 74 664 680 734; baseline 0.002 -18"><span class='ocrx_word' id='word_1_42' title='bbox 74 664 124 716; x_wconf 87' lang='lat' dir='ltr'>His</span> <span class='ocrx_word' id='word_1_43' title='bbox 135 664 173 716; x_wconf 88' lang='lat' dir='ltr'>ibi</span> <span class='ocrx_word' id='word_1_44' title='bbox 185 681 227 715; x_wconf 89' lang='lat' dir='ltr'>me</span> <span class='ocrx_word' id='word_1_45' title='bbox 238 666 314 717; x_wconf 87' lang='lat' dir='ltr'>rebus</span> <span class='ocrx_word' id='word_1_46' title='bbox 326 667 445 734; x_wconf 82' lang='lat' dir='ltr'>quaedam</span> <span class='ocrx_word' id='word_1_47' title='bbox 457 666 548 718; x_wconf 84' lang='lat' dir='ltr'>divina</span> <span class='ocrx_word' id='word_1_48' title='bbox 559 667 680 734; x_wconf 80' lang='lat' dir='ltr'>voluptas</span> 
     </span>
    </p>

    <p class='ocr_par' dir='ltr' id='par_1_9' title="bbox 74 732 737 802">
     <span class='ocr_line' id='line_1_9' title="bbox 74 732 737 802; baseline 0.002 -18"><span class='ocrx_word' id='word_1_49' title='bbox 74 732 190 800; x_wconf 89' lang='lat' dir='ltr'>Percipit</span> <span class='ocrx_word' id='word_1_50' title='bbox 202 740 280 800; x_wconf 84' lang='lat' dir='ltr'>etque</span> <span class='ocrx_word' id='word_1_51' title='bbox 292 735 396 797; x_wconf 89' lang='lat' dir='ltr'>horror;</span> <span class='ocrx_word' id='word_1_52' title='bbox 412 735 481 802; x_wconf 86' lang='lat' dir='ltr'>quod</span> <span class='ocrx_word' id='word_1_53' title='bbox 494 736 530 787; x_wconf 90' lang='lat' dir='ltr'>sic</span> <span class='ocrx_word' id='word_1_54' title='bbox 542 740 638 786; x_wconf 81' lang='lat' dir='ltr'>nature</span> <span class='ocrx_word' id='word_1_55' title='bbox 650 740 698 786; x_wconf 80' lang='lat' dir='ltr'>tua</span> <span class='ocrx_word' id='word_1_56' title='bbox 709 735 737 785; x_wconf 83' lang='lat' dir='ltr'>vi</span> 
     </span>
    </p>

    <p class='ocr_par' dir='ltr' id='par_1_10' title="bbox 75 802 910 938">
     <span class='ocr_line' id='line_1_10' title="bbox 75 802 910 872; baseline -0.002 -18"><span class='ocrx_word' id='word_1_57' title='bbox 75 802 140 854; x_wconf 73' lang='lat' dir='ltr'>Tem</span> <span class='ocrx_word' id='word_1_58' title='bbox 151 802 291 854; x_wconf 79' lang='lat' dir='ltr'>manifeste</span> <span class='ocrx_word' id='word_1_59' title='bbox 302 811 394 871; x_wconf 84' lang='lat' dir='ltr'>patens</span> <span class='ocrx_word' id='word_1_60' title='bbox 407 821 439 855; x_wconf 88' lang='lat' dir='ltr'>ex</span> <span class='ocrx_word' id='word_1_61' title='bbox 452 805 523 855; x_wconf 92' lang='lat' dir='ltr'>omni</span> <span class='ocrx_word' id='word_1_62' title='bbox 534 811 608 872; x_wconf 82' lang='lat' dir='ltr'>parte</span> <span class='ocrx_word' id='word_1_63' title='bbox 619 809 719 855; x_wconf 84' lang='lat' dir='ltr'>retecta</span> <span class='ocrx_word' id='word_1_64' title='bbox 731 808 778 856; x_wconf 89' lang='lat' dir='ltr'>est.</span> <span class='ocrx_word' id='word_1_65' title='bbox 878 803 910 854; x_wconf 89' lang='grc'>30</span> 
     </span>
     <span class='ocr_line' id='line_1_11' title="bbox 95 871 761 938; baseline 0.002 -17"><span class='ocrx_word' id='word_1_66' title='bbox 95 886 100 890; x_wconf 60' lang='lat'><strong>⁴</strong></span> <span class='ocrx_word' id='word_1_67' title='bbox 110 871 145 922; x_wconf 86' lang='lat' dir='ltr'>Et</span> <span class='ocrx_word' id='word_1_68' title='bbox 157 872 280 938; x_wconf 81' lang='lat' dir='ltr'>quoniam</span> <span class='ocrx_word' id='word_1_69' title='bbox 293 872 376 938; x_wconf 79' lang='lat' dir='ltr'>docui,</span> <span class='ocrx_word' id='word_1_70' title='bbox 389 879 543 924; x_wconf 83' lang='lat' dir='ltr'>cunctarum</span> <span class='ocrx_word' id='word_1_71' title='bbox 555 872 661 924; x_wconf 80' lang='lat' dir='ltr'>exordia</span> <span class='ocrx_word' id='word_1_72' title='bbox 673 889 761 923; x_wconf 89' lang='lat' dir='ltr'>rerum</span> 
     </span>
    </p>

    <p class='ocr_par' dir='ltr' id='par_1_11' title="bbox 77 939 705 1008">
     <span class='ocr_line' id='line_1_12' title="bbox 77 939 705 1008; baseline 0.002 -17"><span class='ocrx_word' id='word_1_73' title='bbox 77 939 171 1003; x_wconf 74' lang='lat' dir='ltr'>Qualia</span> <span class='ocrx_word' id='word_1_74' title='bbox 184 940 244 1005; x_wconf 89' lang='lat' dir='ltr'>sint,</span> <span class='ocrx_word' id='word_1_75' title='bbox 256 947 283 991; x_wconf 90' lang='lat' dir='ltr'>ct</span> <span class='ocrx_word' id='word_1_76' title='bbox 295 958 374 1008; x_wconf 83' lang='lat' dir='ltr'>quam</span> <span class='ocrx_word' id='word_1_77' title='bbox 386 942 465 992; x_wconf 84' lang='lat' dir='ltr'>variis</span> <span class='ocrx_word' id='word_1_78' title='bbox 477 941 603 993; x_wconf 75' lang='lat' dir='ltr'><strong>distantia</strong></span> <span class='ocrx_word' id='word_1_79' title='bbox 615 942 705 993; x_wconf 86' lang='lat' dir='ltr'>formis</span> 
     </span>
    </p>

    <p class='ocr_par' dir='ltr' id='par_1_12' title="bbox 77 1008 669 1078">
     <span class='ocr_line' id='line_1_13' title="bbox 77 1008 669 1078; baseline -0.002 -17"><span class='ocrx_word' id='word_1_80' title='bbox 77 1008 175 1076; x_wconf 81' lang='lat' dir='ltr'>Sponte</span> <span class='ocrx_word' id='word_1_81' title='bbox 187 1026 234 1060; x_wconf 83' lang='lat' dir='ltr'>sue</span> <span class='ocrx_word' id='word_1_82' title='bbox 246 1009 356 1061; x_wconf 85' lang='lat' dir='ltr'>volitent</span> <span class='ocrx_word' id='word_1_83' title='bbox 369 1016 464 1061; x_wconf 87' lang='lat' dir='ltr'>aeterno</span> <span class='ocrx_word' id='word_1_84' title='bbox 476 1011 577 1078; x_wconf 80' lang='lat' dir='ltr'>percite</span> <span class='ocrx_word' id='word_1_85' title='bbox 587 1017 669 1076; x_wconf 88' lang='lat' dir='ltr'>motu,</span> 
     </span>
    </p>

    <p class='ocr_par' dir='ltr' id='par_1_13' title="bbox 78 1078 770 1148">
     <span class='ocr_line' id='line_1_14' title="bbox 78 1078 770 1148; baseline 0.003 -19"><span class='ocrx_word' id='word_1_86' title='bbox 78 1079 187 1146; x_wconf 82' lang='lat' dir='ltr'>Quoque</span> <span class='ocrx_word' id='word_1_87' title='bbox 198 1078 274 1129; x_wconf 86' lang='lat' dir='ltr'>modo</span> <span class='ocrx_word' id='word_1_88' title='bbox 288 1079 385 1146; x_wconf 83' lang='lat' dir='ltr'>possint</span> <span class='ocrx_word' id='word_1_89' title='bbox 397 1097 437 1130; x_wconf 87' lang='lat' dir='ltr'>res</span> <span class='ocrx_word' id='word_1_90' title='bbox 450 1097 482 1131; x_wconf 87' lang='lat' dir='ltr'>ex</span> <span class='ocrx_word' id='word_1_91' title='bbox 495 1079 535 1131; x_wconf 87' lang='lat' dir='ltr'>his</span> <span class='ocrx_word' id='word_1_92' title='bbox 548 1097 658 1148; x_wconf 80' lang='lat' dir='ltr'>quaeque</span> <span class='ocrx_word' id='word_1_93' title='bbox 670 1079 770 1143; x_wconf 79' lang='lat' dir='ltr'>creeri3</span> 
     </span>
    </p>

    <p class='ocr_par' dir='ltr' id='par_1_14' title="bbox 79 1147 698 1214">
     <span class='ocr_line' id='line_1_15' title="bbox 79 1147 698 1214; baseline 0 -15"><span class='ocrx_word' id='word_1_94' title='bbox 79 1147 165 1199; x_wconf 79' lang='lat' dir='ltr'>Hasce</span> <span class='ocrx_word' id='word_1_95' title='bbox 178 1147 321 1198; x_wconf 91' lang='lat' dir='ltr'>secundum</span> <span class='ocrx_word' id='word_1_96' title='bbox 332 1164 373 1198; x_wconf 89' lang='lat' dir='ltr'>res</span> <span class='ocrx_word' id='word_1_97' title='bbox 386 1148 467 1199; x_wconf 83' lang='lat' dir='ltr'>animi</span> <span class='ocrx_word' id='word_1_98' title='bbox 479 1155 575 1200; x_wconf 79' lang='lat' dir='ltr'>nutura</span> <span class='ocrx_word' id='word_1_99' title='bbox 586 1148 698 1214; x_wconf 86' lang='lat' dir='ltr'>videtur,</span> 
     </span>
    </p>

    <p class='ocr_par' dir='ltr' id='par_1_15' title="bbox 79 1217 760 1284">
     <span class='ocr_line' id='line_1_16' title="bbox 79 1217 760 1284; baseline 0 -16"><span class='ocrx_word' id='word_1_100' title='bbox 79 1217 165 1284; x_wconf 82' lang='lat' dir='ltr'>Atque</span> <span class='ocrx_word' id='word_1_101' title='bbox 178 1217 271 1268; x_wconf 81' lang='lat' dir='ltr'>unimae</span> <span class='ocrx_word' id='word_1_102' title='bbox 283 1217 406 1268; x_wconf 79' lang='lat' dir='ltr'>claranda</span> <span class='ocrx_word' id='word_1_103' title='bbox 417 1217 482 1268; x_wconf 87' lang='lat' dir='ltr'>meis</span> <span class='ocrx_word' id='word_1_104' title='bbox 490 1220 547 1284; x_wconf 81' lang='lat' dir='ltr'>jam</span> <span class='ocrx_word' id='word_1_105' title='bbox 558 1217 675 1269; x_wconf 85' lang='lat' dir='ltr'>versibus</span> <span class='ocrx_word' id='word_1_106' title='bbox 687 1234 742 1269; x_wconf 91' lang='lat' dir='ltr'>esse</span> <span class='ocrx_word' id='word_1_107' title='bbox 753 1235 760 1279; x_wconf 88' lang='grc'><strong>;</strong></span> 
     </span>
    </p>

    <p class='ocr_par' dir='ltr' id='par_1_16' title="bbox 79 1285 785 1423">
     <span class='ocr_line' id='line_1_17' title="bbox 79 1285 785 1354; baseline 0.001 -17"><span class='ocrx_word' id='word_1_108' title='bbox 79 1285 115 1337; x_wconf 87' lang='lat' dir='ltr'>Et</span> <span class='ocrx_word' id='word_1_109' title='bbox 126 1292 212 1337; x_wconf 89' lang='lat' dir='ltr'>metus</span> <span class='ocrx_word' id='word_1_110' title='bbox 224 1285 349 1338; x_wconf 76' lang='lat' dir='ltr'>illusores</span> <span class='ocrx_word' id='word_1_111' title='bbox 361 1302 476 1354; x_wconf 75' lang='lat' dir='ltr'>praeceps</span> <span class='ocrx_word' id='word_1_112' title='bbox 488 1286 647 1338; x_wconf 85' lang='lat' dir='ltr'>Acheruntis</span> <span class='ocrx_word' id='word_1_113' title='bbox 659 1285 785 1353; x_wconf 77' lang='lat' dir='ltr'>agendus,</span> 
     </span>
     <span class='ocr_line' id='line_1_18' title="bbox 81 1353 740 1423; baseline 0.003 -18"><span class='ocrx_word' id='word_1_114' title='bbox 81 1353 213 1405; x_wconf 81' lang='lat' dir='ltr'>Funditus</span> <span class='ocrx_word' id='word_1_115' title='bbox 225 1354 368 1406; x_wconf 79' lang='lat' dir='ltr'>humanam</span> <span class='ocrx_word' id='word_1_116' title='bbox 379 1355 426 1423; x_wconf 92' lang='lat' dir='ltr'>qui</span> <span class='ocrx_word' id='word_1_117' title='bbox 438 1355 521 1406; x_wconf 86' lang='lat' dir='ltr'>vitam</span> <span class='ocrx_word' id='word_1_118' title='bbox 533 1355 623 1407; x_wconf 84' lang='lat' dir='ltr'>turbat</span> <span class='ocrx_word' id='word_1_119' title='bbox 635 1353 669 1406; x_wconf 80' lang='lat' dir='ltr'>ab</span> <span class='ocrx_word' id='word_1_120' title='bbox 680 1355 740 1421; x_wconf 91' lang='lat' dir='ltr'>imo,</span> 
     </span>
    </p>

    <p class='ocr_par' dir='ltr' id='par_1_17' title="bbox 82 1423 758 1492">
     <span class='ocr_line' id='line_1_19' title="bbox 82 1423 758 1492; baseline 0.003 -18"><span class='ocrx_word' id='word_1_121' title='bbox 82 1424 177 1475; x_wconf 82' lang='lat' dir='ltr'>Omnia</span> <span class='ocrx_word' id='word_1_122' title='bbox 189 1423 341 1475; x_wconf 82' lang='lat' dir='ltr'>suffundens</span> <span class='ocrx_word' id='word_1_123' title='bbox 353 1424 444 1476; x_wconf 87' lang='lat' dir='ltr'>mortis</span> <span class='ocrx_word' id='word_1_124' title='bbox 455 1424 566 1491; x_wconf 83' lang='lat' dir='ltr'>nigrore,</span> <span class='ocrx_word' id='word_1_125' title='bbox 577 1440 662 1492; x_wconf 88' lang='lat' dir='ltr'>neque</span> <span class='ocrx_word' id='word_1_126' title='bbox 674 1424 758 1476; x_wconf 82' lang='lat' dir='ltr'>ullum</span> 
     </span>
    </p>

    <p class='ocr_par' dir='ltr' id='par_1_18' title="bbox 81 1492 917 1561">
     <span class='ocr_line' id='line_1_20' title="bbox 81 1492 917 1561; baseline 0.001 -18"><span class='ocrx_word' id='word_1_127' title='bbox 81 1492 145 1543; x_wconf 88' lang='lat' dir='ltr'>Esse</span> <span class='ocrx_word' id='word_1_128' title='bbox 156 1492 319 1559; x_wconf 86' lang='lat' dir='ltr'>voluptatem</span> <span class='ocrx_word' id='word_1_129' title='bbox 330 1493 459 1560; x_wconf 86' lang='lat' dir='ltr'>liquidum</span> <span class='ocrx_word' id='word_1_130' title='bbox 471 1510 616 1560; x_wconf 81' lang='lat' dir='ltr'>purumque</span> <span class='ocrx_word' id='word_1_131' title='bbox 626 1493 760 1561; x_wconf 90' lang='lat' dir='ltr'>relinquit.</span> <span class='ocrx_word' id='word_1_132' title='bbox 884 1495 917 1544; x_wconf 81' lang='lat'>40</span> 
     </span>
    </p>
   </div>
   <div class='ocr_carea' id='block_1_3' title="bbox 263 1601 745 1657">
    <p class='ocr_par' dir='ltr' id='par_1_19' title="bbox 263 1601 745 1657">
     <span class='ocr_line' id='line_1_21' title="bbox 263 1601 745 1657; baseline 0.008 -4"><span class='ocrx_word' id='word_1_133' title='bbox 263 1601 391 1654; x_wconf 75' lang='lat' dir='ltr'>Homines</span> <span class='ocrx_word' id='word_1_134' title='bbox 402 1611 509 1655; x_wconf 80' lang='lat' dir='ltr'>mortem</span> <span class='ocrx_word' id='word_1_135' title='bbox 520 1603 636 1655; x_wconf 60' lang='lat' dir='ltr'>mamete</span> <span class='ocrx_word' id='word_1_136' title='bbox 647 1603 745 1657; x_wconf 80' lang='lat' dir='ltr'>timere.</span> 
     </span>
    </p>
   </div>
   <div class='ocr_carea' id='block_1_4' title="bbox 37 1694 929 2743">
    <p class='ocr_par' dir='ltr' id='par_1_20' title="bbox 37 1694 929 2743">
     <span class='ocr_line' id='line_1_22' title="bbox 118 1694 901 1763; baseline 0.006 -19"><span class='ocrx_word' id='word_1_137' title='bbox 118 1694 143 1745; x_wconf 90' lang='lat' dir='ltr'>N</span> <span class='ocrx_word' id='word_1_138' title='bbox 144 1711 194 1760; x_wconf 80' lang='lat' dir='ltr'>em,</span> <span class='ocrx_word' id='word_1_139' title='bbox 207 1695 276 1762; x_wconf 89' lang='lat' dir='ltr'>quod</span> <span class='ocrx_word' id='word_1_140' title='bbox 288 1712 355 1762; x_wconf 89' lang='lat' dir='ltr'>saepe</span> <span class='ocrx_word' id='word_1_141' title='bbox 367 1695 483 1747; x_wconf 85' lang='lat' dir='ltr'>homines</span> <span class='ocrx_word' id='word_1_142' title='bbox 495 1695 596 1748; x_wconf 90' lang='lat' dir='ltr'>morbos</span> <span class='ocrx_word' id='word_1_143' title='bbox 608 1696 692 1763; x_wconf 81' lang='lat' dir='ltr'>magis</span> <span class='ocrx_word' id='word_1_144' title='bbox 703 1713 759 1748; x_wconf 84' lang='lat' dir='ltr'>esse</span> <span class='ocrx_word' id='word_1_145' title='bbox 770 1697 901 1751; x_wconf 86' lang='lat' dir='ltr'>timendos</span> 
     </span>
     <span class='ocr_line' id='line_1_23' title="bbox 85 1763 757 1832; baseline 0.004 -18"><span class='ocrx_word' id='word_1_146' title='bbox 85 1763 265 1830; x_wconf 80' lang='lat' dir='ltr'>Infamemque</span> <span class='ocrx_word' id='word_1_147' title='bbox 277 1764 367 1815; x_wconf 87' lang='lat' dir='ltr'>ferunt</span> <span class='ocrx_word' id='word_1_148' title='bbox 378 1764 469 1830; x_wconf 82' lang='lat' dir='ltr'>vitam,</span> <span class='ocrx_word' id='word_1_149' title='bbox 482 1782 561 1832; x_wconf 80' lang='lat' dir='ltr'>quum</span> <span class='ocrx_word' id='word_1_150' title='bbox 573 1766 681 1817; x_wconf 72' lang='lat' dir='ltr'>Tartara</span> <span class='ocrx_word' id='word_1_151' title='bbox 693 1765 741 1817; x_wconf 87' lang='lat' dir='ltr'>leti</span> <span class='ocrx_word' id='word_1_152' title='bbox 748 1784 757 1829; x_wconf 92' lang='lat'>;</span> 
     </span>
     <span class='ocr_line' id='line_1_24' title="bbox 85 1832 698 1902; baseline 0.003 -18"><span class='ocrx_word' id='word_1_153' title='bbox 85 1833 120 1884; x_wconf 84' lang='lat' dir='ltr'>Et</span> <span class='ocrx_word' id='word_1_154' title='bbox 132 1850 159 1884; x_wconf 83' lang='lat' dir='ltr'>se</span> <span class='ocrx_word' id='word_1_155' title='bbox 171 1832 236 1884; x_wconf 88' lang='lat' dir='ltr'>scire</span> <span class='ocrx_word' id='word_1_156' title='bbox 248 1833 341 1884; x_wconf 81' lang='lat' dir='ltr'>animae</span> <span class='ocrx_word' id='word_1_157' title='bbox 353 1839 477 1885; x_wconf 83' lang='lat' dir='ltr'>naturam</span> <span class='ocrx_word' id='word_1_158' title='bbox 489 1835 624 1901; x_wconf 78' lang='lat' dir='ltr'>sanguinis</span> <span class='ocrx_word' id='word_1_159' title='bbox 636 1852 698 1902; x_wconf 87' lang='lat' dir='ltr'>esse,</span> 
     </span>
     <span class='ocr_line' id='line_1_25' title="bbox 85 1902 706 1969; baseline 0.003 -16"><span class='ocrx_word' id='word_1_160' title='bbox 85 1902 141 1953; x_wconf 90' lang='lat' dir='ltr'>Aut</span> <span class='ocrx_word' id='word_1_161' title='bbox 153 1902 233 1953; x_wconf 83' lang='lat' dir='ltr'>etiam</span> <span class='ocrx_word' id='word_1_162' title='bbox 245 1903 325 1967; x_wconf 83' lang='lat' dir='ltr'>venti,</span> <span class='ocrx_word' id='word_1_163' title='bbox 339 1903 361 1952; x_wconf 88' lang='lat' dir='ltr'>si</span> <span class='ocrx_word' id='word_1_164' title='bbox 372 1902 424 1953; x_wconf 84' lang='lat' dir='ltr'>fert</span> <span class='ocrx_word' id='word_1_165' title='bbox 435 1903 474 1954; x_wconf 79' lang='lat' dir='ltr'>ite</span> <span class='ocrx_word' id='word_1_166' title='bbox 485 1903 553 1954; x_wconf 87' lang='lat' dir='ltr'>forte</span> <span class='ocrx_word' id='word_1_167' title='bbox 564 1904 706 1969; x_wconf 69' lang='lat' dir='ltr'>voluntas·</span> 
     </span>
     <span class='ocr_line' id='line_1_26' title="bbox 85 1970 755 2039; baseline 0.001 -16"><span class='ocrx_word' id='word_1_168' title='bbox 85 1971 111 2023; x_wconf 88' lang='lat' dir='ltr'>N</span> <span class='ocrx_word' id='word_1_169' title='bbox 112 1988 141 2022; x_wconf 90' lang='lat' dir='ltr'>ec</span> <span class='ocrx_word' id='word_1_170' title='bbox 152 1987 270 2038; x_wconf 88' lang='lat' dir='ltr'>prorsum</span> <span class='ocrx_word' id='word_1_171' title='bbox 282 1970 424 2038; x_wconf 82' lang='lat' dir='ltr'>quidquam</span> <span class='ocrx_word' id='word_1_172' title='bbox 437 1978 530 2022; x_wconf 87' lang='lat' dir='ltr'>nostrae</span> <span class='ocrx_word' id='word_1_173' title='bbox 541 1973 649 2024; x_wconf 78' lang='lat' dir='ltr'>rationis</span> <span class='ocrx_word' id='word_1_174' title='bbox 662 1989 755 2039; x_wconf 82' lang='lat' dir='ltr'>egere3</span> 
     </span>
     <span class='ocr_line' id='line_1_27' title="bbox 87 2039 807 2109; baseline 0.001 -17"><span class='ocrx_word' id='word_1_175' title='bbox 87 2041 158 2092; x_wconf 91' lang='lat' dir='ltr'>Hinc</span> <span class='ocrx_word' id='word_1_176' title='bbox 171 2039 232 2091; x_wconf 89' lang='lat' dir='ltr'>licet</span> <span class='ocrx_word' id='word_1_177' title='bbox 244 2039 364 2091; x_wconf 80' lang='lat' dir='ltr'>advertes</span> <span class='ocrx_word' id='word_1_178' title='bbox 377 2040 502 2106; x_wconf 82' lang='lat' dir='ltr'>animum,</span> <span class='ocrx_word' id='word_1_179' title='bbox 514 2041 598 2108; x_wconf 78' lang='lat' dir='ltr'>magis</span> <span class='ocrx_word' id='word_1_180' title='bbox 610 2041 698 2092; x_wconf 80' lang='lat' dir='ltr'>omnio</span> <span class='ocrx_word' id='word_1_181' title='bbox 709 2040 807 2109; x_wconf 82' lang='lat' dir='ltr'>leudis,</span> 
     </span>
     <span class='ocr_line' id='line_1_28' title="bbox 87 2108 736 2177; baseline -0.002 -15"><span class='ocrx_word' id='word_1_182' title='bbox 87 2111 107 2163; x_wconf 82' lang='lat' dir='ltr'>J</span> <span class='ocrx_word' id='word_1_183' title='bbox 108 2109 191 2161; x_wconf 80' lang='lat' dir='ltr'>actori</span> <span class='ocrx_word' id='word_1_184' title='bbox 203 2125 288 2173; x_wconf 80' lang='lat' dir='ltr'>cause,</span> <span class='ocrx_word' id='word_1_185' title='bbox 302 2125 381 2174; x_wconf 81' lang='lat' dir='ltr'>quem</span> <span class='ocrx_word' id='word_1_186' title='bbox 394 2108 462 2174; x_wconf 91' lang='lat' dir='ltr'>qued</span> <span class='ocrx_word' id='word_1_187' title='bbox 474 2126 514 2160; x_wconf 85' lang='lat' dir='ltr'>res</span> <span class='ocrx_word' id='word_1_188' title='bbox 526 2110 583 2177; x_wconf 80' lang='lat' dir='ltr'>ipsu</span> <span class='ocrx_word' id='word_1_189' title='bbox 595 2109 736 2177; x_wconf 90' lang='lat' dir='ltr'>probetur:</span> 
     </span>
     <span class='ocr_line' id='line_1_29' title="bbox 88 2175 632 2245; baseline -0.002 -14"><span class='ocrx_word' id='word_1_190' title='bbox 88 2179 212 2231; x_wconf 84' lang='lat' dir='ltr'>Exterres</span> <span class='ocrx_word' id='word_1_191' title='bbox 225 2176 295 2228; x_wconf 87' lang='lat' dir='ltr'>idem</span> <span class='ocrx_word' id='word_1_192' title='bbox 308 2176 394 2244; x_wconf 82' lang='lat' dir='ltr'>petria</span> <span class='ocrx_word' id='word_1_193' title='bbox 406 2175 533 2245; x_wconf 86' lang='lat' dir='ltr'>longeque</span> <span class='ocrx_word' id='word_1_194' title='bbox 545 2178 632 2245; x_wconf 79' lang='lat' dir='ltr'>fugati</span> 
     </span>
     <span class='ocr_line' id='line_1_30' title="bbox 89 2245 753 2315; baseline -0.003 -15"><span class='ocrx_word' id='word_1_195' title='bbox 89 2248 235 2315; x_wconf 83' lang='lat' dir='ltr'>Conspectu</span> <span class='ocrx_word' id='word_1_196' title='bbox 247 2263 280 2298; x_wconf 81' lang='lat' dir='ltr'>ex</span> <span class='ocrx_word' id='word_1_197' title='bbox 291 2246 435 2309; x_wconf 85' lang='lat' dir='ltr'>hominum,</span> <span class='ocrx_word' id='word_1_198' title='bbox 447 2245 541 2298; x_wconf 82' lang='lat' dir='ltr'>foedati</span> <span class='ocrx_word' id='word_1_199' title='bbox 553 2248 661 2299; x_wconf 89' lang='lat' dir='ltr'>crimine</span> <span class='ocrx_word' id='word_1_200' title='bbox 672 2246 753 2315; x_wconf 86' lang='lat' dir='ltr'>turpi,</span> 
     </span>
     <span class='ocr_line' id='line_1_31' title="bbox 90 2313 924 2382; baseline -0.002 -12"><span class='ocrx_word' id='word_1_201' title='bbox 90 2316 217 2370; x_wconf 89' lang='lat' dir='ltr'>Omnibus</span> <span class='ocrx_word' id='word_1_202' title='bbox 229 2314 351 2366; x_wconf 73' lang='lat' dir='ltr'>aerumnis</span> <span class='ocrx_word' id='word_1_203' title='bbox 363 2313 452 2365; x_wconf 84' lang='lat' dir='ltr'>effecti</span> <span class='ocrx_word' id='word_1_204' title='bbox 464 2314 576 2382; x_wconf 88' lang='lat' dir='ltr'>denique</span> <span class='ocrx_word' id='word_1_205' title='bbox 589 2317 698 2378; x_wconf 77' lang='lat' dir='ltr'>vivunt3</span> <span class='ocrx_word' id='word_1_206' title='bbox 893 2319 924 2370; x_wconf 74' lang='grc'>50</span> 
     </span>
     <span class='ocr_line' id='line_1_32' title="bbox 90 2383 792 2454; baseline -0.001 -16"><span class='ocrx_word' id='word_1_207' title='bbox 90 2386 125 2438; x_wconf 80' lang='lat' dir='ltr'>Et</span> <span class='ocrx_word' id='word_1_208' title='bbox 138 2401 300 2453; x_wconf 89' lang='lat' dir='ltr'>quocumque</span> <span class='ocrx_word' id='word_1_209' title='bbox 313 2390 401 2435; x_wconf 82' lang='lat' dir='ltr'>tomen</span> <span class='ocrx_word' id='word_1_210' title='bbox 413 2383 501 2434; x_wconf 90' lang='lat' dir='ltr'>miseri</span> <span class='ocrx_word' id='word_1_211' title='bbox 513 2401 613 2450; x_wconf 85' lang='lat' dir='ltr'>venere,</span> <span class='ocrx_word' id='word_1_212' title='bbox 626 2389 792 2454; x_wconf 68' lang='lat' dir='ltr'>parentent,¹</span> 
     </span>
     <span class='ocr_line' id='line_1_33' title="bbox 91 2451 929 2521; baseline -0.001 -15"><span class='ocrx_word' id='word_1_213' title='bbox 91 2455 126 2507; x_wconf 84' lang='lat' dir='ltr'>Et</span> <span class='ocrx_word' id='word_1_214' title='bbox 138 2455 227 2521; x_wconf 80' lang='lat' dir='ltr'>nigras</span> <span class='ocrx_word' id='word_1_215' title='bbox 239 2457 357 2504; x_wconf 78' lang='lat' dir='ltr'>mactent</span> <span class='ocrx_word' id='word_1_216' title='bbox 370 2451 489 2520; x_wconf 86' lang='lat' dir='ltr'>pecudes,</span> <span class='ocrx_word' id='word_1_217' title='bbox 502 2457 528 2503; x_wconf 92' lang='lat' dir='ltr'>et</span> <span class='ocrx_word' id='word_1_218' title='bbox 540 2453 656 2505; x_wconf 83' lang='lat' dir='ltr'>manibu’</span> <span class='ocrx_word' id='word_1_219' title='bbox 669 2453 737 2505; x_wconf 84' lang='lat' dir='ltr'>divis</span> <span class='ocrx_word' id='word_1_220' title='bbox 815 2466 839 2519; x_wconf 74' lang='lat'>&#39;&#39;&#39;.</span> <span class='ocrx_word' id='word_1_221' title='bbox 926 2507 929 2511; x_wconf 79' lang='grc'><strong>,</strong></span> 
     </span>
     <span class='ocr_line' id='line_1_34' title="bbox 92 2520 928 2587; baseline -0.004 -12"><span class='ocrx_word' id='word_1_222' title='bbox 92 2524 204 2575; x_wconf 80' lang='lat' dir='ltr'>Inferias</span> <span class='ocrx_word' id='word_1_223' title='bbox 216 2523 344 2574; x_wconf 90' lang='lat' dir='ltr'>mittunt:</span> <span class='ocrx_word' id='word_1_224' title='bbox 362 2520 498 2587; x_wconf 88' lang='lat' dir='ltr'>multoque</span> <span class='ocrx_word' id='word_1_225' title='bbox 510 2521 538 2572; x_wconf 93' lang='lat' dir='ltr'>in</span> <span class='ocrx_word' id='word_1_226' title='bbox 550 2521 627 2574; x_wconf 86' lang='lat' dir='ltr'>rebus</span> <span class='ocrx_word' id='word_1_227' title='bbox 639 2521 738 2574; x_wconf 80' lang='lat' dir='ltr'>acerbis</span> <span class='ocrx_word' id='word_1_228' title='bbox 833 2538 836 2543; x_wconf 94' lang='grc'><strong><em>·</em></strong></span> <span class='ocrx_word' id='word_1_229' title='bbox 923 2522 928 2529; x_wconf 79' lang='grc'><strong>”</strong></span> 
     </span>
     <span class='ocr_line' id='line_1_35' title="bbox 92 2590 670 2657; baseline -0.003 -13"><span class='ocrx_word' id='word_1_230' title='bbox 92 2592 186 2644; x_wconf 82' lang='lat' dir='ltr'>Acrius</span> <span class='ocrx_word' id='word_1_231' title='bbox 198 2591 340 2642; x_wconf 83' lang='lat' dir='ltr'>advertunt</span> <span class='ocrx_word' id='word_1_232' title='bbox 352 2590 452 2641; x_wconf 81' lang='lat' dir='ltr'>animos</span> <span class='ocrx_word' id='word_1_233' title='bbox 464 2590 497 2641; x_wconf 83' lang='lat' dir='ltr'>ed</span> <span class='ocrx_word' id='word_1_234' title='bbox 510 2590 670 2657; x_wconf 83' lang='lat' dir='ltr'>religionem.</span> 
     </span>
     <span class='ocr_line' id='line_1_36' title="bbox 37 2646 811 2743; baseline 0.004 -32"><span class='ocrx_word' id='word_1_235' title='bbox 37 2646 71 2743; x_wconf 38' lang='lat' dir='ltr'>,s</span> <span class='ocrx_word' id='word_1_236' title='bbox 128 2661 185 2725; x_wconf 74' lang='lat' dir='ltr'>Quo</span> <span class='ocrx_word' id='word_1_237' title='bbox 196 2659 280 2727; x_wconf 79' lang='lat' dir='ltr'>magis</span> <span class='ocrx_word' id='word_1_238' title='bbox 292 2660 321 2710; x_wconf 92' lang='lat' dir='ltr'>in</span> <span class='ocrx_word' id='word_1_239' title='bbox 334 2658 420 2710; x_wconf 86' lang='lat' dir='ltr'>dubiis</span> <span class='ocrx_word' id='word_1_240' title='bbox 432 2659 564 2710; x_wconf 90' lang='lat' dir='ltr'>hominem</span> <span class='ocrx_word' id='word_1_241' title='bbox 576 2665 692 2727; x_wconf 72' lang='lat' dir='ltr'>spectare</span> <span class='ocrx_word' id='word_1_242' title='bbox 704 2658 811 2728; x_wconf 87' lang='lat' dir='ltr'>periclis</span> 
     </span>
    </p>
   </div>
   <div class='ocr_carea' id='block_1_5' title="bbox 21 2778 29 2809">
    <p class='ocr_par' dir='ltr' id='par_1_21' title="bbox 21 2778 29 2809">
     <span class='ocr_line' id='line_1_37' title="bbox 21 2778 29 2809; baseline 0 0"><span class='ocrx_word' id='word_1_243' title='bbox 21 2778 29 2809; x_wconf 68' lang='lat' dir='ltr'><em>l</em></span> 
     </span>
    </p>
   </div>
   <div class='ocr_carea' id='block_1_6' title="bbox 0 0 995 2964">
    <p class='ocr_par' dir='ltr' id='par_1_22' title="bbox 0 0 995 2964">
     <span class='ocr_line' id='line_1_38' title="bbox 0 0 995 2964; baseline 0 0"><span class='ocrx_word' id='word_1_244' title='bbox 0 0 995 2964; x_wconf 95' lang='lat' dir='ltr'> </span> 
     </span>
    </p>
   </div>
   <div class='ocr_carea' id='block_1_7' title="bbox 136 2894 167 2922">
    <p class='ocr_par' dir='ltr' id='par_1_23' title="bbox 136 2894 167 2922">
     <span class='ocr_line' id='line_1_39' title="bbox 136 2894 167 2922; baseline 0 0"><span class='ocrx_word' id='word_1_245' title='bbox 136 2894 167 2922; x_wconf 73' lang='lat' dir='ltr'><em>A</em></span> 
     </span>
    </p>
   </div>
  </div>
 </body>
</html>
