1928 2964
71 133 106 184 14
383 126 412 181 Τ.
430 125 599 180 Lucanum

71 227 123 281 Per
134 233 249 294 truncos,
261 244 292 280 ac
303 243 351 295 per
362 243 448 278 ramos
459 225 619 277 difftmditur
630 240 736 278 omnes:

71 296 147 350 Inter
158 313 185 348 se
203 303 232 349 ta
244 303 334 348 meant
346 312 429 361 voces,
442 300 469 347 et
480 294 570 347 clausa
581 294 718 346 domorum

70 315 280 418 Transvodtaut:
299 364 415 431 rigidum
427 368 565 432 permanat
576 363 661 434 frigus
672 361 707 414 ad
718 377 783 414 ossa

25 467 27 471 .
71 434 154 501 Quod,
166 434 218 486 nisi
230 433 322 486 inania
333 433 394 499 sint,
407 449 460 499 qua
471 437 577 500 possent
589 448 696 499 corpora
707 447 820 499 quaque

71 502 200 568 Transire,
213 502 286 554 haud
298 501 354 553 ulla
364 501 422 553 fieri
433 501 535 553 ratione
546 500 654 552 videres

106 571 236 638 Denique,
246 587 294 623 cur
305 570 371 622 alias
383 569 442 622 aliis
453 574 577 637 praestare
588 568 709 620 videmus

72 638 191 692 Pondere
202 656 243 691 res
255 638 340 705 rebus,
352 638 436 690 nihilo
448 639 546 705 majore
557 636 660 705 figurat

70 707 148 774 Nam,
162 708 185 759 si
197 706 358 760 tantundem
370 713 410 759 est
422 707 451 757 in
463 706 531 759 lance
542 706 664 774 glomere,
676 710 808 773 quantum

72 776 190 845 Corporis
202 776 231 827 in
243 775 352 844 plumbo
364 781 411 843 est,
424 775 583 827 tantundem
594 774 708 843 pendere
719 791 768 842 par
779 779 820 826 est
826 792 834 837 ;

72 844 190 912 Corporis
202 845 317 896 officium
329 850 369 896 est
381 844 505 912 quoniam
517 860 633 911 premere
645 843 733 896 omnia
744 842 844 895 deorsiu

72 914 169 966 Contra
180 919 270 965 autem
281 918 378 965 natura
389 918 479 965 manet
492 913 547 964 sine
559 912 674 980 pondere
685 911 780 964 inania

71 982 150 1051 Ergo,
163 982 233 1050 quod
244 998 371 1049 magnum
383 987 423 1033 est
435 998 457 1033 ae
475 998 515 1047 ue,
528 981 663 1048 leviusque
675 980 788 1048 ridetur,

70 1051 204 1105 Nimirum
216 1049 276 1118 plus
289 1067 343 1102 esee
355 1050 405 1101 sibi
417 1050 464 1102 dec
521 1056 534 1102 t
545 1050 645 1102 inanis:

70 1120 108 1173 At
120 1125 212 1172 contre
223 1119 329 1186 gravius
341 1118 402 1186 plus
413 1119 442 1169 in
455 1135 482 1170 se
495 1119 608 1187 corporis
620 1135 676 1170 esse

71 1187 190 1254 Dedicat,
203 1194 230 1240 et
241 1187 325 1240 multo
337 1204 450 1240 vacuum
461 1187 549 1239 minus
560 1187 633 1238 intus
645 1185 748 1240 habere

71 1255 119 1311 Est
130 1257 214 1327 igitur
225 1257 351 1308 nimirum
362 1257 398 1323 id,
411 1257 481 1323 quod
493 1257 594 1308 ratione
606 1255 693 1322 sagaci

72 1327 225 1393 Quaerimus,
237 1326 387 1378 admixtum
398 1325 483 1391 rebus,
495 1325 566 1393 quod
578 1325 656 1376 inane
668 1340 799 1377 vocamus.

343 1441 383 1496 De
394 1442 553 1512 paritario
563 1460 640 1512 aqna.

108 1526 188 1595 illud,
199 1526 228 1578 in
240 1526 281 1579 his
293 1527 369 1579 rebus
380 1545 414 1580 ne
426 1535 453 1581 te
465 1528 594 1581 deducere
605 1545 666 1581 vero

72 1594 166 1664 Possit,
178 1596 248 1664 quod
261 1596 368 1663 quidam
380 1597 492 1665 fingunt,
504 1615 663 1665 praecurrere
675 1596 758 1665 co'gor.

72 1664 168 1717 Cedere
180 1666 350 1732 squamigeris
362 1665 453 1718 latices
464 1667 611 1719 nitentibus
623 1668 707 1734 ajunt,

71 1733 108 1786 Et
120 1733 234 1802 liquidas
246 1735 346 1802 aperire
357 1735 421 1802 vias,
434 1737 497 1802 quia
509 1742 568 1803 post
579 1736 636 1788 loca
648 1735 731 1803 pisces

71 1801 214 1870 linquant,
227 1820 278 1870 quo
290 1804 390 1871 possint
402 1805 522 1857 cedentes
535 1805 664 1857 confluere
675 1804 762 1858 undae.

71 1869 115 1923 Sic
127 1871 192 1923 alias
204 1889 307 1940 quoque
318 1889 359 1923 res
371 1873 441 1925 inter
452 1891 479 1925 se
491 1890 565 1941 posse
576 1873 682 1939 moveri,

71 1938 108 1991 Et
119 1945 222 1992 mutare
234 1940 328 2006 locum,
341 1942 460 2008 quamvis
473 1943 526 1994 sint
538 1943 626 1994 omnia
637 1942 723 2010 plena.

72 2007 177 2061 Scilicet
189 2008 217 2060 id
228 2008 295 2060 falsa
307 2015 394 2061 totum
405 2011 506 2063 ratione
517 2017 653 2079 receptum
664 2016 710 2063 est.

71 2076 141 2130 Nam
153 2094 205 2144 quo
218 2078 374 2145 squamigeri
386 2086 509 2147 poterunt
521 2080 659 2148 procedere
670 2080 786 2148 tandem,

71 2144 108 2198 Ni
120 2147 234 2214 spatium
247 2146 366 2200 dederint
378 2149 484 2201 latices?
521 2149 665 2200 Concedere
676 2166 753 2216 porro

73 2214 129 2279 Quo
142 2223 266 2283 poterunt
278 2216 364 2283 undas,
377 2235 459 2285 quum
470 2218 553 2286 pisces
565 2219 603 2270 ire
615 2217 779 2285 nequibuntt

71 2283 128 2336 Aut
139 2284 222 2352 igitur
233 2291 308 2337 motu
320 2287 477 2353 privandum
489 2294 528 2339 est
541 2304 647 2355 corpora
659 2304 776 2355 quaque,

72 2351 128 2404 Aut
139 2371 195 2406 esse
207 2354 354 2406 admixtum
367 2355 507 2408 dicendum
519 2361 559 2408 est
570 2356 646 2408 rebus
658 2356 744 2422 inane,

72 2420 149 2473 Unde
160 2423 257 2475 initum
269 2424 384 2492 primum
395 2426 483 2492 capiat
494 2443 535 2478 res
547 2442 657 2493 quaque
669 2427 798 2480 movendi

107 2490 248 2558 Postremo,
260 2493 312 2544 duo
325 2494 357 2545 de
369 2511 495 2546 concursu
507 2512 614 2562 corpora
626 2495 682 2547 lata

71 2556 101 2612 Si
113 2559 166 2611 cita
178 2560 314 2628 dissiliant,
327 2580 421 2630 nempe
433 2566 478 2615 adr
491 2581 566 2615 omne
578 2581 682 2616 necesse
693 2569 740 2631 est,

72 2624 147 2680 Inter
159 2645 266 2696 corpora
279 2631 348 2698 quod
360 2632 415 2697 fiat,
427 2632 543 2700 possidat
554 2633 639 2686 inane.
