1928 2964
71 169 105 219 88
354 199 358 203 ,
382 164 410 218 Τ.
429 163 596 217 Lucaurss

107 271 177 335 Quin
189 270 277 338 etiam,
290 269 376 322 subita
387 271 414 323 ri
426 270 509 322 morbi
521 287 589 339 saepe
600 274 704 322 coactus

72 343 142 393 Ante
155 340 242 392 oculos
254 340 348 407 aliquis
360 346 467 406 nostros,
480 346 511 391 ut
523 340 641 390 fulminis
653 339 718 405 ictu,

74 409 200 476 Concidit,
213 414 240 460 et
252 426 357 477 spumas
369 409 433 476 agit,
445 409 564 476 ingemit,
577 414 606 471 et
617 407 707 459 tremit
719 413 802 475 artus,

73 478 183 546 Desipit,
196 483 317 530 extentat
328 494 428 544 nervos,
441 483 584 544 torquetur,
596 476 712 542 anhelat,

74 547 258 599 Inconstanter
270 551 296 598 et
308 547 336 597 in
345 546 470 613 jactando
483 545 599 597 membra
610 545 722 611 fatigat:
863 548 875 595 4

73 615 213 681 Nimirum,
225 615 287 682 quia
298 615 337 666 vis
349 615 432 666 morbi
445 615 570 667 distracta
582 631 629 682 per
640 620 713 664 artus

74 683 174 735 Turbat
185 700 265 750 agens
277 684 400 750 animam,
413 701 537 752 spumans
549 691 581 735 ut
593 683 621 733 in
634 699 735 750 aequore
748 681 817 734 salso

75 752 220 804 Ventorum
233 751 327 803 validis
339 752 460 804 fervescit
472 752 571 804 viribus
583 751 661 803 unda.

75 820 241 888 Exprimitur
252 838 327 888 porro
339 822 460 888 gemitus,
474 821 537 888 quia
547 820 664 872 membra
676 818 765 871 doloro

75 889 241 956 Afficiuntur,
254 896 281 940 et
293 890 398 941 omnino
411 890 479 957 quod
493 891 592 941 semina
604 889 673 941 vocis

75 957 232 1026 Ejiciuntur,
244 962 271 1010 et
283 975 326 1010 ore
337 959 405 1010 foras
417 958 561 1025 glomerata
572 959 702 1024 feruntur,

76 1027 135 1090 Qua
146 1027 220 1094 quasi
232 1034 397 1094 consuerunt,
410 1035 436 1079 et
449 1032 511 1078 sunt
521 1028 627 1079 munita
637 1027 700 1078 viai.

76 1096 239 1164 Desipientia
249 1096 287 1162 fit,
300 1096 361 1164 quia
372 1096 412 1147 ris
424 1097 506 1147 animi
518 1101 598 1163 atque
610 1096 710 1148 animai

77 1165 261 1230 Conturbatur,
274 1171 308 1231 et,
320 1170 352 1216 ut
364 1164 447 1230 docui,
460 1165 544 1217 divisa
556 1182 671 1217 seorsum

77 1234 246 1302 Disjectatur,
259 1234 349 1286 eodem
361 1233 406 1285 illo
418 1234 545 1286 distracta
556 1249 664 1287 veneno.
867 1237 875 1286 l

78 1303 152 1368 Inde,
164 1302 210 1354 ubi
217 1305 275 1370 jam
286 1302 370 1354 morbi
381 1303 485 1354 reflexit
497 1320 582 1369 causa,
594 1303 715 1370 reditque

79 1372 112 1424 In
124 1371 237 1423 latebras
249 1389 308 1431 acer
320 1372 435 1439 corrupti
447 1372 559 1440 corporis
572 1372 665 1423 humor
672 1389 680 1435 ;

78 1440 146 1492 'lum
157 1440 232 1507 quasi
243 1439 369 1493 vacillans
381 1441 496 1508 primum
509 1441 649 1508 consurgit,
662 1446 689 1492 et
701 1456 791 1492 omnes

79 1508 213 1559 Paulatim
225 1508 294 1560 redit
305 1509 334 1559 in
346 1526 443 1576 sensus,
456 1509 622 1577 animamque
633 1514 758 1576 receptat.

80 1576 146 1628 Haec
157 1576 241 1643 igitur
253 1578 335 1629 tantis
347 1577 393 1629 ubi
404 1577 501 1629 morbis
513 1595 618 1645 corpore
629 1578 658 1629 in
670 1578 727 1645 ipso

79 1645 99 1697 J
100 1651 228 1711 actentur,
240 1644 392 1713 miserisque
404 1647 487 1698 modis
499 1647 625 1699 distracta
636 1646 769 1700 laborent:

81 1713 132 1766 Gur
144 1713 234 1764 eadem
246 1715 329 1765 credis
342 1717 397 1767 sine
409 1733 514 1783 corpore
525 1716 555 1767 in
566 1717 627 1768 aere
638 1721 729 1783 aperto

81 1780 146 1835 Cum
159 1781 251 1834 validis
263 1785 348 1836 ventis
361 1789 466 1836 aetatem
479 1785 571 1851 degere
583 1784 671 1852 pessel

115 1851 151 1904 Et
163 1852 285 1919 quoniam
297 1861 412 1905 mentem
425 1853 518 1920 sanari,
531 1871 622 1921 corpus
635 1858 665 1904 ut
676 1868 784 1920 aegrum,

82 1920 224 1986 Cernimus,
236 1927 263 1972 et
274 1921 345 1974 flecti
356 1922 486 1974 medicina
499 1939 572 1990 posse
584 1922 717 1984 videmus3

82 1990 114 2041 Id
126 2007 229 2057 quoque
241 1992 370 2058 praesagit,
382 1991 520 2043 mortalem
532 1992 619 2043 vivere
630 1994 760 2043 mentem:

83 2059 185 2110 Addere
197 2058 266 2109 enim
278 2067 373 2126 partes,
385 2060 535 2125 autordine
547 2060 665 2126 trajicere
678 2075 783 2126 aequum
795 2064 843 2127 est,

82 2128 138 2179 Aut
149 2127 223 2178 aliud
235 2144 354 2194 prorsum
366 2129 398 2179 de
411 2145 512 2179 summa
524 2129 660 2180 detrahere
672 2127 765 2195 hilum,

83 2197 247 2249 Commutare
259 2197 377 2248 animum
390 2197 545 2264 quicumque
557 2197 675 2248 adoritur
686 2202 713 2248 et
725 2197 798 2259 infit;

83 2266 139 2317 Aut
151 2266 231 2317 aliam
243 2266 361 2332 quamvis
373 2272 495 2316 naturam
507 2264 610 2317 flectere
640 2265 731 2318 uaerit:

83 2336 120 2387 At
131 2351 215 2403 neque
228 2334 362 2386 transferri
375 2333 424 2385 sibi
436 2341 524 2401 partes
535 2351 583 2385 nec
596 2283 678 2386 trilui
690 2334 756 2401 vult,

84 2403 235 2455 immortale
247 2404 315 2471 quod
328 2408 367 2454 est
380 2403 530 2470 quidquam,
542 2420 628 2470 neque
640 2401 754 2454 defluere
766 2402 858 2457 hilum.

83 2471 151 2523 Nam
164 2472 345 2541 quodcumque
357 2472 410 2523 suis
422 2477 556 2523 mutatum
567 2471 664 2522 finibus
676 2471 739 2538 exit,

84 2540 213 2591 Continuo
225 2541 274 2593 hoc
285 2559 354 2593 mors
366 2547 406 2593 est
417 2540 496 2607 illius,
509 2540 579 2607 quod
591 2540 644 2591 fuit
656 2546 725 2593 ante.

84 2608 153 2674 Ergo
165 2609 268 2660 animus
281 2610 335 2660 sire
347 2610 472 2676 aegrescit,
484 2608 606 2660 mortalia
619 2609 694 2675 signa

73 2676 173 2746 Mittit,
189 2677 230 2730 nti
242 2677 319 2732 docui
327 2696 335 2745 3
353 2695 399 2731 seu
410 2677 526 2730 flectitur
538 2694 555 2729 ιι
566 2677 710 2731 medicina:
724 2732 730 2742 ,
