1928 2964
71 158 106 208 24
386 156 415 209 Τ.
433 155 601 208 nUcRnrH

72 256 147 320 Quod
159 257 224 309 facit
236 257 279 309 hic
291 257 369 325 idem,
382 258 540 327 perdelirum
552 275 607 310 esse
619 256 730 310 videtur.

71 325 140 378 Nam
153 333 244 378 contra
256 344 346 378 sensus
358 327 391 379 ab
404 328 521 379 sensibus
533 327 588 394 ipse
600 333 739 394 repugnat,

72 394 108 447 Et
120 395 263 447 labefactat
275 413 324 462 ecs,
336 396 407 448 unde
419 397 506 448 omnia
518 395 618 447 credita
631 395 748 462 pendent
755 414 763 458 3

72 464 149 516 Unde
161 464 204 515 hic
217 465 337 532 cognitus
350 471 389 517 est
401 465 459 533 ipsi,
472 481 550 533 quem
563 465 681 523 nominat
693 465 791 532 ignem

73 532 161 585 Credit
173 534 244 584 enim
256 551 346 586 sensus
357 535 447 601 ignem
459 550 612 600 cognoscere
624 550 684 586 vere
691 553 698 597 ;

72 602 165 654 Cetera
177 619 229 653 non
241 603 332 669 credit,
342 603 425 654 nihilo
438 620 497 671 quae
510 602 581 654 clara
592 602 680 653 minus
693 607 769 654 sunt:

73 670 147 734 Quod
159 671 225 722 mihi
238 688 298 722 cum
310 689 416 736 vanum,
430 677 487 723 tum
499 671 611 722 delirum
624 688 678 722 esse
690 671 803 724 videtur.

73 739 130 802 Quo
142 739 283 792 referemus
296 741 383 792 enimi
403 740 473 804 Quid
485 740 559 792 nobis
572 741 685 792 certius!
696 740 760 808 ipsis

72 807 195 862 Sensibus
208 826 262 861 esse
274 810 377 878 potestl
397 809 449 872 Qui
462 827 524 862 vera
536 826 567 860 ac
578 809 646 861 falsa
658 808 797 862 notemus?

107 877 245 944 Praeterea,
258 896 337 946 quare
350 879 488 946 quisquam
500 878 583 944 magis
596 877 683 930 omnia
695 877 780 944 tollat,

72 947 108 999 Et
120 947 185 999 velit
196 946 295 998 ardoris
307 953 429 1000 naturam
441 948 559 1014 linquere
572 947 660 1014 solam,

74 1015 159 1078 Quam
171 1021 249 1082 neget
261 1033 315 1068 esse
328 1017 409 1083 ignes,
422 1033 552 1067 summam
564 1023 653 1067 tamen
665 1032 720 1067 esse
732 1015 837 1084 relinqu

74 1084 160 1152 AEqua
172 1085 277 1137 videtur
289 1086 360 1137 enim
372 1085 504 1136 dementia
516 1085 602 1137 dicere
614 1091 763 1152 utrumque.

26 1145 54 1201 ‘d
109 1153 279 1222 Quapropter,
292 1155 338 1222 qui
349 1155 485 1205 materiem
497 1171 584 1205 rerum
596 1170 650 1205 esse
662 1159 792 1222 putarunt

73 1221 175 1292 Ignem,
187 1229 268 1291 atque
280 1241 313 1275 ex
325 1224 383 1292 igni
394 1241 522 1274 summam
534 1222 673 1274 consistere
685 1239 773 1290 posse;

72 1292 108 1344 Et
122 1293 168 1360 qui
180 1293 340 1361 principium
352 1292 490 1360 gignendis
503 1293 565 1344 aera
576 1291 653 1343 rebus

74 1361 252 1424 Constituere;
270 1368 316 1413 aut
328 1362 464 1413 humorem
476 1360 635 1428 quicumque
647 1365 777 1429 putarunt

73 1430 186 1497 Fingere
197 1448 238 1482 res
249 1431 337 1498 ipsum
350 1448 396 1499 per
408 1448 442 1495 se,
455 1435 584 1482 terramve
597 1446 684 1481 creare

74 1499 176 1564 Omnia,
188 1505 215 1550 et
227 1500 255 1550 in
267 1517 355 1550 rerum
367 1505 475 1551 naturas
487 1499 583 1551 vertier
595 1515 698 1561 omnes;

73 1567 233 1635 Magnopere
245 1586 261 1620 a
273 1585 333 1621 vero
345 1568 473 1636 longeque
485 1585 582 1620 errasse
594 1568 725 1619 videntur.

108 1636 182 1688 Adde
195 1638 282 1703 etiam,
295 1638 341 1705 qui
354 1638 542 1705 conduplicant
555 1636 696 1704 primordia
707 1654 804 1704 rerum,

73 1705 144 1758 Aera
152 1708 295 1773 jungentes
307 1707 363 1772 igni
376 1713 524 1774 terramque
538 1706 634 1772 liquori
644 1725 651 1769 ς

73 1773 109 1826 Et
121 1776 168 1842 qui
180 1781 292 1842 quatuor
304 1793 337 1827 ex
349 1776 426 1828 rebus
439 1793 513 1843 posse
525 1775 613 1827 omnia
624 1780 724 1840 rentur,

75 1843 116 1896 Ex
128 1844 192 1912 igni,
205 1850 274 1896 terra
286 1851 365 1913 atque
378 1845 473 1910 anima,
486 1861 653 1912 procrescere,
666 1851 694 1895 et
705 1842 791 1897 imbri.

344 1962 442 2016 Contra
454 1961 640 2032 Empedoclem.

110 2047 226 2110 Quorum
239 2047 429 2115 Agrigentinus
442 2048 605 2115 cumprimis
618 2046 789 2114 Empedocles
801 2054 838 2101 cst

74 2117 166 2168 Insula
178 2134 255 2184 quem
267 2117 401 2184 triquetris
414 2123 543 2168 terrarum
555 2117 634 2182 gessit
646 2117 676 2166 in
688 2116 746 2182 oris,

75 2185 160 2248 Quam
171 2186 279 2237 fluitans
291 2186 389 2237 circum
400 2186 503 2252 magnis
516 2185 686 2237 amfractibus
699 2201 788 2252 aequor

75 2254 180 2306 Ionium
192 2254 291 2321 glaucis
304 2255 438 2322 adspergit
450 2255 521 2305 virus
534 2253 567 2306 ab
580 2253 667 2320 undis,

74 2322 245 2391 Angustoque
257 2323 328 2375 fretu
339 2323 461 2391 rapidum
472 2340 543 2374 mare
556 2322 652 2375 dividit
664 2322 742 2375 undis

75 2391 160 2444 Italiae
173 2399 302 2444 terrarum
314 2409 370 2443 oras
383 2409 399 2443 a
410 2391 506 2443 finibus
518 2393 581 2459 ejus.

75 2459 127 2512 Hic
140 2468 179 2513 est
191 2468 266 2513 vasta
279 2461 430 2528 Charybdis,
443 2467 469 2512 et
482 2461 525 2511 hic
537 2461 642 2512 AEtnaea
653 2460 790 2514 minantur

74 2528 212 2581 Murmura
223 2531 388 2582 flammarum
400 2546 505 2580 rursum
518 2546 544 2580 se
557 2529 678 2596 colligere
690 2530 750 2597 iras,

75 2597 206 2651 Faucibus
216 2605 321 2666 eruptos
334 2599 431 2651 iterum
443 2605 474 2649 nt
487 2599 526 2650 vis
539 2603 642 2651 cremat
654 2599 736 2666 ignes,

404 2701 413 2721 v
427 2695 513 2734 rectius·
535 2693 583 2733 MS.
619 2697 624 2706 '
