1964 2970
59 161 108 211 134
367 156 396 210 Τ.
415 156 581 210 Luonnrrr

58 261 93 312 Et
105 276 198 311 manus
210 276 265 311 uua
275 259 344 326 regit
356 259 495 327 quantovis
507 259 605 326 impete
617 263 739 320 euntem3

22 345 27 356 “
59 330 145 397 Atque
157 328 346 395 gubernaclum
358 333 513 395 contorquet
525 327 641 394 quolibet
653 343 751 377 uuum:

59 399 198 464 Multaque
210 414 257 465 per
268 398 398 449 trochleas
410 402 438 448 et
449 402 577 464 tympana
588 395 701 464 pondere
713 411 811 462 magno

60 468 216 533 Comeret,
229 472 308 534 atque
320 466 372 518 levi
386 465 500 518 sustollit
511 465 634 517 machina
646 463 713 516 nisu.

255 623 295 676 De
306 641 395 678 somno
408 640 482 694 quem
494 622 635 677 adradunt
639 623 699 692 fior.

94 732 180 799 Nunc,
193 732 287 799 quibus
300 732 345 785 ille
356 733 440 785 modis
454 751 559 785 somnus
571 750 618 801 per
629 731 748 784 membra
760 730 879 800 quietem

61 800 165 881 irriget,
178 808 258 869 atque
270 803 353 854 animi
365 820 440 854 curas
452 819 466 854 e
478 808 582 871 pectore
595 801 687 867 solvat,

60 869 206 922 Suavrdicis
218 871 311 938 potius,
325 888 404 938 quam
416 871 514 938 multis,
527 871 643 923 versibus
656 870 745 922 edam:
847 872 898 922 910

61 937 161 990 Parvus
174 945 205 990 ut
217 946 257 991 est
269 941 348 1006 cygni
359 941 452 992 melior
463 957 548 1006 canor,
560 940 605 992 ille
617 957 714 1007 gruum
727 955 808 1006 qnam

17 1059 21 1076 ,
61 1007 170 1074 Clamor,
183 1008 211 1058 in
223 1008 338 1060 aetheriis
350 1009 481 1076 dispersus
493 1008 608 1061 nubibus
620 1008 711 1061 austri.

61 1076 101 1127 Tu
112 1077 178 1127 mihi
191 1077 224 1128 da
236 1082 328 1128 tenues
340 1095 415 1129 aures
428 1079 595 1146 animumque
608 1094 735 1145 sagacem,

61 1144 101 1197 Ne
113 1145 169 1197 fieri
181 1147 289 1212 negites,
303 1163 361 1212 quae
374 1146 467 1213 dicam,
480 1164 560 1214 posse,
572 1152 693 1215 retroque
967 1170 973 1376 p

62 1214 131 1266 Vera
142 1215 288 1282 repulsanti
300 1215 417 1266 discedas
430 1222 533 1296 pectore
546 1216 630 1267 dicta:

61 1282 183 1335 Tutemet
195 1284 223 1334 in
235 1283 313 1352 culpa
325 1301 405 1352 quum
418 1302 459 1350 sis,
471 1301 555 1351 neque
568 1300 672 1336 cernere
683 1283 773 1351 possis.

96 1352 229 1420 Principio
241 1370 345 1404 somnus
357 1352 395 1416 fit,
409 1353 454 1404 ubi
466 1359 505 1405 est
517 1353 643 1405 distracta
655 1369 702 1420 per
713 1358 788 1406 artus

62 1420 108 1472 Vis
120 1423 229 1484 animae3
242 1422 390 1490 partimque
402 1422 471 1473 foras
484 1423 566 1488 ejecta
577 1422 691 1488 recessit,

61 1489 96 1540 Et
108 1491 205 1557 partim
217 1496 339 1542 contrusa
350 1492 434 1558 magis
447 1490 573 1542 concessit
584 1491 613 1542 in
625 1490 716 1543 altum.
969 1450 975 1565 l

62 1558 247 1610 Dissolvuntur
259 1559 329 1610 enim
341 1566 399 1611 tum
411 1560 517 1611 demum
528 1559 651 1626 membra,
663 1559 811 1626 fluuntque.
848 1561 899 1612 920
971 1574 974 1627 j

62 1626 86 1676 N
87 1645 130 1678 am
142 1627 252 1678 dubium
264 1645 317 1679 uon
330 1634 376 1695 est,
389 1629 488 1680 animai
501 1628 565 1694 quin
577 1645 655 1697 opera
667 1627 701 1678 sit

62 1695 156 1747 Sensus
169 1696 211 1747 hic
224 1697 252 1746 in
264 1697 345 1764 nobis,
359 1715 436 1765 quem
448 1714 529 1764 quum
541 1714 616 1765 sapor
628 1696 739 1764 impedit
751 1712 815 1762 esse,

62 1764 129 1815 Turn
140 1764 214 1816 uobis
226 1766 342 1818 animam
353 1766 533 1834 perturbatam
545 1783 600 1817 esse
612 1765 761 1834 putandum
773 1770 822 1831 est,

61 1833 232 1901 Ejectamque
244 1834 313 1886 foras
320 1855 327 1898 ;
345 1852 398 1886 nou
410 1852 528 1898 omnem3
546 1851 659 1902 namque
666 1835 768 1902 jaceret

61 1902 170 1953 AEterno
183 1920 275 1971 corpus
287 1904 422 1971 perfusum
433 1904 529 1970 frigore
540 1904 602 1966 leti;

62 1971 165 2039 Quippe
178 1972 224 2022 ubi
235 1973 309 2024 nulla
321 1973 406 2023 latens
418 1973 517 2024 animai
529 1989 589 2040 pars
600 1976 747 2023 remaneret

62 2039 94 2091 Iu
106 2040 234 2106 membris,
245 2041 331 2092 cinere
342 2048 374 2093 ut
385 2042 470 2093 multa
482 2040 549 2093 latet
560 2042 669 2093 obrutus
681 2039 758 2107 ignis,

62 2107 137 2160 Unde
149 2109 284 2160 reconflari
296 2126 385 2161 sensus
397 2127 443 2177 per
455 2110 571 2162 membra
582 2115 690 2178 repente

61 2177 154 2243 Possit,
167 2185 197 2229 ut
210 2190 243 2229 ex
255 2178 311 2244 igni
323 2195 390 2229 caeeo
403 2195 558 2246 consurgere
569 2180 682 2230 flamma.

96 2247 146 2299 Sed
160 2248 253 2313 quibus
266 2247 322 2298 haec
333 2247 410 2298 rebus
422 2248 525 2300 novitas
538 2247 671 2313 confletur,
684 2252 711 2298 et
723 2246 794 2298 unde
849 2250 901 2300 9³0

61 2315 212 2367 Perturbari
224 2317 313 2367 anima
325 2322 352 2368 et
364 2333 456 2383 corpus
468 2317 636 2383 languescere
648 2315 737 2383 possit,

60 2384 221 2451 Expediam:
236 2377 267 2436 tu‘
279 2386 328 2451 fac,
341 2402 374 2437 ne
387 2385 472 2437 ventis
485 2385 564 2437 verba
575 2384 741 2453 profundam.

96 2454 235 2521 Principio,
248 2459 357 2506 externa
369 2471 461 2522 corpus
474 2453 506 2505 de
518 2460 593 2521 parte
604 2469 740 2505 necessum
752 2457 800 2518 est,

57 2521 147 2572 Atriis
161 2523 284 2589 quoniam
297 2523 414 2575 vicinum
426 2522 546 2589 tangitur
558 2523 634 2587 auris,

46 2589 172 2659 Tundr'er,
186 2598 271 2664 atque
285 2595 344 2665 ejus
356 2592 447 2648 crebro
458 2591 585 2662 pulsarier
595 2591 656 2642 ictu
661 2608 672 2641 ·.

29 2655 244 2735 Proptereaque
256 2667 319 2722 fere
331 2685 374 2722 res
388 2681 493 2732 omnes,
504 2666 554 2716 aut
566 2659 636 2712 corio
648 2663 723 2721 sunt,
