1928 2964
327 133 452 184 ‘LIBER
470 131 631 198 Quirinus.
852 133 901 184 167

66 234 164 301 Corpus
176 231 247 284 enim
258 231 321 284 licet
332 250 387 284 esse
399 233 479 299 aliud,
491 234 561 300 quod
572 233 657 285 fertur
669 235 696 284 et
708 248 763 284 una

66 302 176 354 Labitur
188 302 342 352 omnimodis
355 319 492 353 occursans
505 301 678 369 efficiensque,

67 372 91 422 N
91 389 120 423 ec
133 371 203 438 potis
215 376 254 421 est
267 370 346 437 cerni,
359 371 421 438 quia
434 388 537 422 cassum
548 370 649 422 lumine
660 371 753 422 fertur.

68 440 223 507 Versarique
234 444 328 506 potest,
340 438 432 506 globus
444 446 475 490 ut
487 439 510 490 si
521 439 588 491 forte
600 439 666 507 pilai

69 507 187 560 Dimidia
199 525 233 559 ex
245 514 320 575 parte
333 508 456 559 candenti
468 507 568 558 lumine
580 509 688 574 tinctus,
852 509 903 558 720

69 577 254 644 Versandoque
266 575 373 642 globum
385 576 517 629 variantes
529 577 604 628 edere
616 577 713 629 formas

68 646 188 712 Denique
200 662 258 696 eam
270 651 379 712 partem,
392 661 560 713 quacumque
572 651 612 697 est
623 645 729 712 ignibus
739 649 827 711 aucta,

68 715 110 766 Ad
123 714 236 782 speciem
247 713 328 765 vertit
340 713 421 780 nobis,
434 713 572 781 oculosque
584 720 720 781 patentes:

71 782 138 834 Inde
148 782 303 834 minutatim
314 788 384 834 retro
396 787 550 850 contorquet
559 788 587 834 et
599 783 685 834 aufert

69 851 219 903 Luciferam
231 857 334 919 partem
346 850 539 917 glomeraminis
550 856 630 918 atque
642 851 708 918 pilai
718 870 727 916 ;

69 920 107 972 Ut
119 919 280 987 Babylonica
292 918 447 971 (ibaldaesim
459 919 577 971 doctrina
589 920 707 971 refutans

69 988 267 1054 Astrologorum
279 994 363 1040 artem
375 994 465 1040 contra
477 989 629 1040 convincere
642 989 744 1042 tendit:

70 1057 184 1110 Proinde
195 1057 271 1125 quasi
282 1056 339 1108 fieri
351 1062 472 1124 nequeat,
484 1057 554 1124 quod
566 1063 669 1124 pugnat
681 1063 801 1127 uterque,

70 1127 127 1178 Aut
138 1126 226 1177 minus
238 1126 287 1177 hoc
298 1125 345 1176 illo
357 1126 392 1177 sit
404 1142 451 1176 cur
463 1125 615 1192 amplectier
627 1126 705 1180 ausis.

105 1195 233 1262 Denique,
246 1211 292 1246 cur
303 1199 416 1261 nequeat
429 1210 529 1261 semper
541 1211 609 1246 nova
620 1194 685 1247 luna
697 1194 779 1248 creari
857 1195 908 1246 730

72 1263 171 1316 Ordine
182 1263 324 1314 formarum
336 1269 413 1329 certo,
426 1263 555 1331 certisque
568 1262 668 1330 figuris,

76 1332 161 1400 Inque
173 1331 229 1383 dies
237 1331 327 1451 lilim
339 1331 449 1383 aborisci
461 1349 573 1400 quaeque
585 1338 680 1398 creata,

73 1403 110 1452 At
129 1417 161 1452 ue
172 1400 226 1452 alia
240 1401 246 1411 '
270 1400 309 1451 'us
321 1400 436 1468 reparari
447 1400 477 1451 in
489 1407 564 1469 parte
576 1401 691 1467 locoque,

73 1469 109 1520 Di
138 1468 187 1521 cile
199 1475 239 1520 est
250 1469 351 1520 ratione
363 1469 454 1520 docere
466 1475 493 1521 et
504 1470 608 1522 vincere
620 1470 705 1521 verbis
715 1488 722 1534 ;

74 1538 172 1590 Ordine
184 1553 266 1606 quum
277 1538 366 1590 videas
378 1544 434 1589 tam
446 1544 516 1589 certo
528 1538 614 1590 multa
625 1539 715 1592 creari.

346 1654 386 1707 De
398 1654 468 1706 1111
478 1654 640 1726 temporibus.

76 1742 103 1794 It
116 1745 200 1794 reret
213 1740 310 1807 Venus,
323 1745 349 1792 et
361 1741 429 1792 veris
441 1741 607 1809 praenuntius
619 1745 682 1793 ante

76 1811 213 1863 Pennatus
225 1809 347 1876 graditur
358 1809 503 1877 Zephyrus,
515 1809 627 1876 vestigia
639 1816 745 1878 propter

75 1879 154 1931 Flora
166 1878 261 1946 quibus
273 1883 357 1930 mater
369 1895 547 1946 praespargens
559 1884 621 1930 ante
633 1879 688 1929 viai

81 1949 184 2000 Cuncta
197 1946 324 1998 coloribus
336 1947 447 2014 egregiis
459 1953 486 1998 11
499 1946 618 1998 odoribus
630 1946 732 2014 opplet:

77 2017 143 2069 Inde
155 2015 206 2067 loci
218 2015 335 2082 sequitur
346 2015 417 2067 calor
428 2016 525 2081 aridus,
537 2020 565 2066 et
577 2032 661 2067 comes
674 2031 728 2067 una
861 2015 911 2067 740

77 2083 267 2138 Pulverulenta
279 2084 361 2149 Ceres,
373 2090 400 2135 et
412 2084 501 2136 Etesia
512 2083 594 2136 flabra
601 2083 775 2152 Aquilonum:

80 2154 147 2206 lnde
159 2154 311 2204 Autumnus
323 2152 380 2204 adit
390 2171 397 2215 ;
415 2153 535 2219 graditur
547 2153 625 2204 simul
637 2153 718 2206 Evius
731 2153 822 2214 Evan3

79 2223 146 2275 Inde
158 2222 217 2274 aliae
229 2227 397 2288 tempestates
409 2223 534 2290 ventique
546 2227 698 2290 sequuntur,

78 2291 231 2343 Altitonans
244 2289 399 2356 Vulturnus,
412 2297 439 2341 et
452 2291 547 2342 Auster
559 2290 670 2341 fulmine
682 2289 799 2358 pollens:

79 2345 307 2412 Tandem'Bmma
319 2359 392 2410 nives
404 2358 488 2422 affert,
500 2359 655 2427 pigrumque
668 2360 780 2424 rigorem

80 2428 192 2480 Reddit:
211 2427 303 2478 Hiems
315 2428 440 2494 sequitur,
453 2428 582 2495 crepitans
594 2443 624 2477 ac
637 2426 759 2478 dentibus
772 2424 863 2491 Algus.

81 2498 139 2561 Quo
150 2497 237 2548 minus
249 2501 289 2547 est
300 2496 405 2560 mirum,
418 2495 440 2546 si
451 2503 521 2547 certo
534 2503 649 2563 tempore
661 2495 726 2546 luna

81 2565 213 2633 Gignitur‚
225 2570 252 2616 et
265 2571 335 2617 certo
347 2564 449 2615 deletur
462 2571 577 2632 tempore
589 2581 692 2626 rursus;

82 2634 171 2700 Quum
182 2633 239 2686 fieri
250 2633 350 2701 possint
361 2639 417 2684 tam
429 2640 499 2684 certo
511 2640 626 2700 tempore
638 2633 729 2685 multa.
