1964 2970
91 149 142 199 218
402 144 430 198 Τ.
448 143 615 198 incussu

91 244 205 313 Corpora
218 262 330 313 cumque
341 243 375 298 ab
387 245 471 310 rebus,
483 244 574 297 eodem
585 243 697 312 praedita
710 259 796 310 sensu,
876 253 880 257 ·

91 314 180 382 Atque
192 314 282 366 eodem
294 321 371 382 pacto
383 313 460 366 rebus
472 314 525 365 sint
537 313 657 365 omnibus
669 318 740 381 apta

92 382 233 451 Principio,
245 389 342 435 terram
355 383 393 434 sol
404 383 534 449 excoquit,
547 382 651 435 etfacit
663 399 721 445 are;

93 451 131 503 At
143 452 255 519 glaciem
264 452 390 517 dissolvit,
400 457 428 502 et
440 451 502 503 altis
513 451 646 503 montibus
658 451 727 504 ultas

92 520 248 573 Exstructas
260 521 369 586 ningues
382 520 462 572 radiis
473 520 605 572 tabescere
617 521 700 587 cogit:
756 542 762 551 ‘

91 588 221 656 Denique,
234 606 294 641 cera
305 589 409 655 liquefit
421 588 450 640 in
462 590 485 656 ej
490 605 519 641 us
530 594 606 656 posta
617 605 720 656 vapore.
740 627 741 632 η

93 657 166 724 Ignis
178 659 243 709 item
255 651 385 724 liquidum
397 658 463 709 facit
474 675 518 724 aes,
530 674 674 725 aurumque
685 657 807 721 resolvit3

91 726 129 777 At
141 726 211 779 coria
223 733 249 779 et
261 743 366 778 carnem
378 726 463 778 trehit
474 733 501 778 et
513 727 637 779 conducit
649 727 677 778 in
690 743 781 780 unum.

92 794 195 846 Humor
206 812 282 863 aquae
294 812 370 863 porro
381 795 481 847 ferrum
493 795 622 848 condurat
633 795 666 848 ab
678 795 752 862 igni3

91 862 129 914 At
141 865 211 916 coria
223 871 250 916 et
262 881 367 916 carnem
377 863 464 917 mollit
476 864 573 916 durata
584 863 681 916 calore:
883 865 934 919 970

92 932 247 999 Barbigeras
260 933 370 984 oleaster
381 950 412 985 eo
419 935 499 1000 juvat
510 949 594 1001 usque
605 932 726 1001 capellas,

92 1000 204 1054 Diffluat
215 1001 343 1058 ambrosia
356 1001 429 1069 quasi
442 1019 502 1054 vero
515 1008 542 1054 et
554 1008 660 1054 nectare
672 1001 786 1055 tinctus:

93 1069 151 1133 Qua
162 1071 231 1122 nihil
244 1077 283 1122 est
295 1070 397 1122 homini
409 1071 478 1139 quod
491 1070 601 1123 amariu’
614 1071 735 1123 frondeat
748 1076 823 1125 aestu.

92 1138 220 1207 Denique,
233 1139 412 1192 amaracinum
423 1139 523 1207 fugitat
535 1157 579 1191 sus
592 1146 620 1192 et
631 1139 708 1192 timet
720 1156 797 1192 omne

93 1207 278 1276 Unguentum
296 1225 359 1260 nam
371 1208 489 1277 setigeris
501 1207 583 1260 subus
595 1225 653 1261 acre
665 1224 798 1261 venenum
808 1213 861 1276 est,

94 1276 168 1339 Quod
181 1295 227 1330 nos
239 1277 373 1329 interdum
385 1283 512 1345 tanquam
522 1294 639 1330 recreare
650 1277 763 1330 ridetur.

93 1344 130 1397 At
143 1352 236 1399 contra
248 1346 321 1399 nobis
333 1363 438 1398 coenum
450 1346 585 1399 teterrima
598 1363 680 1413 quum
692 1346 727 1398 sit

93 1413 245 1483 spurcities,
259 1415 350 1467 eadem
363 1416 453 1468 suibus
465 1416 523 1468 hoec
534 1415 635 1467 munda
647 1415 760 1481 videtur,

94 1483 284 1536 Insatiabiliter
295 1485 346 1536 toti
357 1491 389 1536 ut
401 1485 542 1537 volvantur
554 1484 658 1537 ibidem.

129 1554 187 1605 Hoc
199 1554 280 1605 etiam
292 1559 417 1620 superest,
430 1554 487 1622 ipsa
499 1571 580 1622 quam
591 1554 678 1605 dicere
690 1553 763 1606 dere
883 1555 935 1606 980

93 1621 245 1688 Aggredior,
259 1623 327 1689 quod
340 1621 480 1674 dicendum
493 1624 565 1691 prius
577 1639 632 1674 esse
644 1622 757 1676 videtur.

94 1690 184 1741 Multa
195 1690 325 1742 foramina
337 1706 419 1757 quum
431 1692 511 1744 variis
523 1692 577 1743 sint
588 1691 692 1744 reddita
703 1691 788 1758 rebus,

93 1759 221 1811 Dissimili
234 1759 303 1811 iuter
316 1774 342 1810 se
354 1766 451 1812 natura
463 1761 575 1828 praedita
586 1760 683 1812 debent

94 1828 164 1892 Esse,
178 1833 205 1879 et
217 1827 313 1880 habere
325 1845 399 1880 suam
411 1835 534 1881 naturam
546 1829 788 1897 quaequeriasque;

95 1897 198 1965 Quippe
210 1898 308 1950 etenim
320 1898 387 1950 varii
399 1915 488 1950 sensns
500 1897 679 1950 animantibus
691 1898 790 1963 insunt,

95 1966 212 2029 Quorum
223 1968 333 2034 quisque
345 1984 419 2019 suam
431 1968 534 2035 proprie
546 1984 602 2019 rem
615 1967 727 2035 percipit
738 1966 768 2018 in
780 1983 814 2018 se.

94 2035 119 2085 N
120 2053 163 2087 am
176 2041 312 2102 penetrare
325 2036 376 2087 alio
389 2037 496 2100 sonitus,
509 2036 613 2102 alioque
626 2052 743 2104 saporem

95 2104 231 2155 Cernimus
244 2121 258 2155 e
271 2105 362 2171 succis,
374 2105 426 2156 alio
438 2105 537 2156 nidoris
550 2104 647 2156 odores.

94 2173 232 2236 Praeterea,
244 2189 351 2225 manare
364 2173 438 2226 aliud
450 2190 496 2240 per
508 2191 573 2226 saxa
582 2173 696 2239 videtur,

94 2241 183 2308 Atque
196 2242 269 2293 aliud
281 2242 368 2308 lignis,
387 2242 460 2294 aliud
473 2242 585 2295 transire
596 2259 643 2309 per
656 2259 765 2305 aurum;
883 2244 935 2295 990

94 2309 263 2378 Argentoque
275 2311 344 2363 foras
356 2310 436 2377 aliud,
449 2311 569 2378 vitroque
580 2327 667 2362 meare
674 2329 681 2373 ;

94 2379 163 2431 Nam
175 2379 256 2430 fluere
268 2379 318 2431 hac
331 2380 435 2447 species,
448 2380 510 2431 illac
521 2380 592 2431 calor
602 2379 641 2431 ire
653 2380 767 2445 videtur,

92 2446 182 2515 Atque
194 2448 252 2498 aliis
265 2448 338 2499 aliud
351 2449 429 2500 citius
442 2449 621 2500 transmittere
633 2449 732 2501 eadem

80 2515 195 2571 Scilicet
206 2517 236 2572 id
248 2516 308 2572 lieri
320 2517 392 2588 cogit
403 2523 502 2571 natura
511 2518 624 2580 riarum,

66 2584 251 2644 Multimodis
266 2591 389 2659 varians,
401 2595 432 2644 ut
444 2587 527 2659 paulo
539 2585 701 2638 ostendimus
709 2589 782 2646 ante,

53 2653 186 2729 Propter
199 2663 375 2719 dissimilem
388 2668 524 2718 naturam
534 2660 669 2720 textaque
677 2665 777 2700 rernm·
