1928 2964
75 167 110 218 32
387 159 415 213 Τ.
433 157 600 212 Lucanum

75 264 164 331 Usque
176 261 248 328 adeo,
261 277 339 329 quem
352 262 460 328 quisque
471 261 559 312 locum
570 259 692 329 possedit,
705 259 734 310 in
746 276 837 312 omnes

75 332 243 385 Tantundem
254 337 342 399 partes
354 331 489 381 infinitum
501 347 577 381 omne
589 329 723 396 relinquit.

109 402 248 467 Praeterea,
261 401 281 451 si
290 402 348 467 jam
359 400 466 450 finitum
478 400 655 450 constituatur

75 471 165 536 Omne,
178 469 248 537 quod
260 476 307 535 est,
320 469 443 537 spatium,
456 468 548 536 siquis
560 471 697 535 procurrat
709 466 814 520 adoras

74 540 192 592 Ultimus
205 544 342 603 extremas,
351 538 486 604 jaciatque
498 536 605 588 volatile
617 536 700 587 telum
707 554 715 599 3

75 605 108 660 Id
120 608 214 660 validis
226 613 315 658 utrum
328 612 477 658 contortum
489 604 588 657 viribus
600 605 646 669 ire,

75 678 132 742 Quo
143 677 224 728 fuerit
236 675 351 741 missum,
363 675 454 741 mavis,
466 673 594 741 longeque
606 673 701 736 volare,

73 747 117 798 An
128 745 264 814 prohibere
276 744 377 811 aliquid
389 760 484 808 censes,
497 743 649 810 obstareque
661 743 753 811 possel

77 815 244 867 Alterutrum
256 814 363 864 fatearis
375 813 446 863 enim
458 829 604 879 sumasque,
617 829 721 864 necesse
733 818 780 879 est,

74 884 190 948 Quorum
202 889 344 949 utrumque
356 881 405 933 tibi
417 881 544 948 effugium
556 881 701 949 praecludit,
714 888 742 934 et
754 899 831 934 omne

74 953 150 1020 Cogit
162 956 192 1004 ut
204 958 327 1018 exempta
338 951 464 1002 concedas
475 949 527 1001 fine
539 957 636 1017 patere.

73 1022 143 1074 Nam
155 1021 209 1072 sive
222 1025 260 1072 est
273 1019 381 1086 aliquid,
394 1019 463 1086 quod
475 1019 612 1086 prohibeat
625 1018 772 1088 efficiatque
777 1024 797 1088 ⁴,

74 1091 131 1154 Quo
143 1087 225 1141 minu’
238 1105 289 1156 quo
300 1089 410 1139 missum
421 1095 461 1139 est
473 1088 570 1154 veniat,
582 1089 682 1156 linique
693 1090 761 1142 locet
773 1107 816 1154 se;

74 1160 134 1214 Sive
145 1161 214 1211 foras
226 1157 317 1224 fertur,
330 1174 383 1208 non
395 1163 435 1208 est
446 1175 463 1209 a
474 1157 527 1208 fine
538 1157 692 1225 profectum

74 1230 132 1282 Hoc
144 1235 221 1297 pacto
233 1244 332 1295 sequar,
345 1233 432 1295 atque,
445 1244 501 1278 oras
513 1227 671 1295 ubicumque
683 1228 775 1280 locaris

73 1299 218 1363 Extremas,
231 1314 354 1365 quaeram,
366 1297 431 1363 quid
443 1296 495 1347 telo
508 1296 619 1364 denique
631 1297 685 1350 fiat.
860 1300 866 1348 t

73 1367 139 1434 Fiet,
152 1367 193 1418 uti
205 1383 334 1433 nusquam
345 1366 426 1434 possit
439 1365 578 1416 consistere
590 1366 665 1429 finis;

73 1436 259 1503 Effugiumque
270 1435 341 1501 fugae
354 1434 467 1502 prolatet
479 1435 554 1502 copia
566 1452 673 1503 semper.

107 1505 237 1556 Praeterea
249 1504 364 1572 spatium
377 1507 489 1555 summai
502 1504 583 1555 totius
596 1521 672 1556 omne

73 1574 195 1641 Undique
208 1573 230 1624 si
241 1573 372 1624 inclusum
385 1573 462 1624 certis
475 1574 626 1625 consisteret
639 1574 697 1641 oris,

72 1643 243 1710 Finitumque
255 1643 336 1705 foret3
351 1644 408 1710 jam
420 1642 495 1710 copia
506 1643 628 1695 1111111111

72 1712 196 1779 Undique
208 1711 365 1779 ponderibus
377 1711 466 1762 solidis
478 1712 610 1763 confluxet
622 1713 656 1763 ad
667 1713 763 1765 imum:

72 1781 128 1834 Nec
140 1798 180 1832 res
192 1780 249 1832 ulla
260 1781 316 1848 geri
328 1779 377 1831 sub
389 1779 448 1833 coeli
461 1781 576 1847 tegmine
588 1789 689 1848 posset;

72 1850 127 1903 Nec
139 1850 206 1901 foret
218 1850 323 1901 omnino
335 1849 436 1915 coelum,
449 1866 534 1917 neque
546 1850 647 1902 lumina
659 1851 733 1904 solis:

73 1920 176 1988 Quippe
188 1919 234 1970 ubi
246 1919 367 1970 materies
380 1919 463 1969 omnis
476 1919 611 1970 cumulata
619 1922 719 1988 jaceret

71 1989 114 2042 Ex
125 1988 229 2040 infinito
237 1990 294 2056 jam
306 1995 421 2056 tempore
434 1988 595 2040 subsidendo.
860 1994 866 2043 t

71 2059 108 2110 At
121 2075 191 2110 nunc
203 2057 328 2108 nimirum
340 2057 441 2124 requies
454 2057 517 2109 data
529 2058 718 2126 principiorum

74 2125 227 2197 Corporibus
240 2125 314 2178 nulla
326 2131 380 2188 est;
398 2126 461 2192 quia
472 2126 511 2176 nil
524 2133 563 2178 est
575 2128 695 2179 funditus
707 2129 798 2194 imum,

72 2196 130 2261 Quo
142 2196 218 2264 quasi
230 2194 365 2260 confluere,
379 2199 405 2245 11
418 2194 489 2245 sedes
503 2195 547 2247 ubi
560 2213 655 2263 ponere
668 2198 767 2264 possint
774 2216 782 2261 ;

73 2266 180 2334 Semper
191 2266 220 2315 in
232 2264 335 2316 assiduo
348 2270 422 2314 motu
434 2280 475 2314 res
487 2282 599 2332 quaeque
612 2274 740 2332 geruntur

72 2334 196 2388 Partibus
208 2335 237 2385 in
249 2333 358 2399 cunctis,
371 2333 526 2400 infernaque
538 2335 741 2402 suppeditantur

72 2403 115 2456 Ex
126 2403 231 2455 infinito
243 2401 296 2454 cita
308 2419 414 2469 corpora
426 2403 554 2456 materiai.

108 2472 240 2524 Postremo
253 2480 315 2523 ante
327 2471 414 2522 oculos
425 2488 465 2521 res
477 2489 532 2522 rem
544 2472 620 2524 finire
633 2473 753 2538 videtur;

72 2542 126 2594 Aer
138 2542 246 2609 dissepit
259 2541 343 2604 colles,
356 2546 436 2607 atque
448 2542 509 2592 11111
521 2550 638 2606 111011111;

74 2611 152 2664 Terra
164 2627 242 2676 mare,
255 2616 281 2661 et
294 2623 384 2662 contra
396 2626 467 2660 mara
480 2616 562 2662 terras
576 2613 699 2663 terminat
712 2628 818 2665 omncs:

340 2702 349 2728 ‘¹
362 2704 455 2756 prebeat
464 2703 579 2755 tactusquo
595 2705 642 2744 Me.
