1928 2964
348 143 456 196 LIBER
473 144 616 198 PRIMUS.

62 243 197 296 Intellecta
208 245 286 313 prius
299 261 379 312 quam
391 245 452 312 sint,
464 252 615 314 contempta
626 246 763 313 relinquas.

60 312 128 364 Nam
139 312 188 365 tibi
200 314 233 365 de
246 330 352 364 summa
364 313 423 365 coeli
434 315 535 366 ratione
548 314 678 382 deirmque

60 381 190 433 Disserere
201 382 339 450 incipiam,
350 388 378 433 et
389 399 478 433 rerum
489 383 631 451 primordia
643 383 772 450 pandam3

61 450 137 502 Unde
148 468 237 503 omnes
249 457 347 502 natura
359 457 428 503 creet
439 468 487 517 res,
500 457 590 503 auctet
602 452 722 518 alatque3

62 519 150 583 Quove
161 519 254 571 eadem
264 536 372 570 rursum
383 524 478 570 natura
490 526 626 587 perempta
637 520 763 584 resolvat;

40 614 46 626 ·
61 588 126 652 Quae
137 605 185 640 nos
195 588 342 654 materiem,
354 593 382 639 et
392 588 520 654 genitalia
531 605 638 655 corpora
649 588 725 640 rebus

62 656 361 709 Reddendainratione
373 674 470 722 vocare,
484 663 511 708 et
523 658 721 709 seminatorum
870 663 899 709 6(

61 724 203 794 Appellare
215 727 330 792 suemus,
342 731 370 777 et
381 725 438 776 haec
450 725 541 777 eadem
552 743 680 793 usurpare

63 794 175 862 Corpora
186 794 279 862 prima,
292 794 361 861 quod
373 810 406 845 ex
418 794 471 845 illis
484 799 546 846 sunt
558 795 646 846 omnia
657 795 755 863 primis.

364 961 437 1014 Lata
448 960 599 1014 inventoris.

98 1069 226 1121 Humana
238 1074 300 1122 ante
312 1070 399 1122 oculos
410 1070 479 1122 foede
490 1087 574 1138 quum
586 1070 642 1122 vita
650 1071 750 1137 jaceret

64 1139 97 1190 In
108 1139 187 1190 terris
199 1155 321 1220 oppressa
332 1140 406 1218 grayi
418 1139 467 1219 sub
478 1139 610 1206 religione,

65 1207 697 1344 ttttlulztttpttlllltllllltltls2

66 1344 187 1396 Primum
199 1344 292 1397 Graius
304 1344 381 1397 homo
393 1345 515 1398 mortales
526 1344 618 1396 tollere
630 1349 721 1396 contra

65 1413 113 1466 Est
125 1413 213 1465 oculos
225 1430 310 1479 ausus,
322 1414 473 1482 primusque
485 1412 607 1465 obsistere
620 1419 725 1474 contra3

65 1482 150 1546 Quem
162 1499 211 1533 neo
222 1482 294 1534 fama
305 1482 391 1549 deirm,
403 1499 452 1534 nec
463 1482 582 1548 fulmina,
595 1499 643 1534 nec
654 1482 790 1533 minitanti

64 1550 202 1603 Murmure
214 1551 365 1618 compressit
376 1552 477 1618 coelum,
490 1551 535 1603 sed
547 1568 576 1602 eo
588 1551 672 1618 magis
684 1568 769 1602 acrem
873 1554 905 1603 70

67 1619 161 1672 Irritist
173 1618 299 1671 virtutem
311 1620 394 1672 animi
398 1629 418 1687 ⁸,
431 1620 594 1686 confringere
606 1626 638 1671 ut
649 1625 723 1671 arcta

65 1688 176 1741 Naturae
188 1688 287 1756 primus
299 1695 435 1757 portarum
447 1688 561 1740 claustra
573 1689 682 1757 cupiret.

65 1756 136 1825 Ergo
147 1756 239 1810 vivida
250 1757 290 1809 vis
301 1757 384 1809 animi
395 1758 514 1826 pervicit,
526 1763 553 1808 et
565 1763 640 1809 extra

66 1825 197 1878 Processit
207 1825 286 1906 longe
297 1825 460 1878 flammantia
471 1827 568 1878 moenia
579 1825 679 1892 mundi,

64 1894 89 1946 A
120 1912 154 1947 ue
165 1910 243 1946 omne
254 1911 412 1946 immensum
424 1895 574 1963 peragravit
585 1901 674 1946 mente
685 1895 839 1962 animoque:

65 1962 110 2015 Un
127 1979 144 2015 e
154 1962 237 2015 refert
248 1962 323 2014 nobis
335 1963 426 2028 victor,
440 1965 504 2031 quid
535 1964 598 2014 ossit
610 1964 681 2030 oriri,

66 2031 139 2095 Quid
148 2037 280 2100 nequeat3
296 2031 374 2084 finita
385 2038 500 2100 potestas
512 1982 624 2099 <lenique
636 2033 730 2099 cuique

66 2100 189 2165 Qumm
200 2100 235 2151 sit
247 2099 356 2166 ratione,
368 2107 447 2169 atque
456 2101 509 2152 alte
522 2101 649 2153 terminus
661 2101 777 2153 haerens:

67 2168 156 2235 Qum
166 2167 261 2236 religio
272 2168 384 2237 pedibus
396 2168 513 2237 subjecta
525 2170 641 2222 vicissim

66 2238 212 2305 Obteritm,
223 2254 272 2289 nos
284 2245 407 2306 exaequat
418 2239 529 2290 victoria
541 2239 612 2289 coelo.

100 2306 175 2361 Illud
185 2306 217 2359 in
227 2306 271 2359 his
281 2306 359 2358 rebus
371 2324 466 2373 vereor,
479 2324 512 2358 ne
524 2307 592 2358 forte
604 2306 684 2358 rearis

66 2374 108 2429 Im
127 2376 136 2389 '
165 2380 194 2429 te
205 2375 318 2429 rationis
329 2375 396 2427 inire
408 2374 545 2441 elementa,
559 2375 680 2441 viamque

200 2445 207 2457 '
220 2444 337 2498 sceleris:
357 2443 427 2511 quod
439 2451 530 2496 contra
542 2443 636 2511 saepius
648 2443 694 2494 illa

65 2512 169 2585 Religio
179 2513 287 2585 peperit
298 2513 423 2565 scelerosa
435 2518 514 2579 atque
526 2512 608 2579 impia
620 2512 697 2563 facta.

243 2661 256 2691 Ι
270 2656 358 2697 irritant
367 2656 432 2695 animi
441 2657 539 2694 virtutem
550 2655 670 2706 effringere;
687 2653 734 2692 MS.
832 2693 835 2701 ,
