1964 2970
72 146 126 197 222
388 141 418 195 Τ.
434 139 605 195 tucrum

107 245 202 299 Nonne
213 245 286 298 rides
297 243 386 311 etim,
398 244 457 296 cmii
468 245 586 296 novitate
598 251 625 296 et
637 260 772 312 aquarum

74 314 189 380 Tentsri,
202 314 321 382 procula
333 314 420 394 patria
432 313 591 381 quicumque
604 315 734 382 domoque
753 318 756 322 ’

73 382 245 436 Διιιοιιιιιιιιι
263 383 322 434 ideo
334 384 397 450 quia
408 383 485 449 longe
497 382 669 450 discrepitant
681 401 730 435 res.

75 452 146 505 Nam
157 453 222 533 quid
234 452 369 504 Britannis
381 451 476 503 coelum
488 451 591 503 differre
603 459 738 518 putamus,

74 521 110 574 Et
121 522 210 588 quod
202 538 231 572 ιιι
243 521 358 588 AEgypto
371 528 418 586 est,
431 537 484 587 qus
495 520 588 570 mundi
600 520 734 572 claudicat
746 521 824 574 anisi

75 590 185 656 Quidve,
197 589 286 669 quqd'
278 607 307 640 m
319 589 404 640 Ponto
416 598 463 654 est,
476 589 585 653 differre,
598 595 625 640 et
638 590 756 641 Gadibus
757 597 859 659 ,atque

75 659 163 726 Usque
174 659 247 710 ed'
220 675 297 725 nigra
308 658 396 709 virum
408 669 528 725 percocto
540 656 616 708 saecla
628 658 721 710 calore.

75 727 139 791 Quae
152 744 233 795 quum
245 733 358 806 quatuor
370 727 439 777 inter
452 743 479 778 se
491 727 593 777 diversa
604 726 733 793 ridemus,

76 796 194 859 Quatucr
205 813 221 848 a
233 796 319 847 ventis
331 803 358 847 et
369 795 429 846 coeli
441 795 560 874 partibus
572 812 633 860 esse,
846 800 870 848 l]

75 865 142 917 Tum
154 865 223 918 color
235 872 261 916 et
273 866 353 917 facies
365 864 503 915 huminum
515 862 612 915 distare
624 863 749 916 videntur

76 933 202 1002 largiter,
214 941 241 985 et
253 934 336 984 morbi
348 933 493 1013 generatim
505 933 581 984 saecla
593 941 688 985 tenere
833 972 836 976 Δ

110 1003 158 1055 Est
170 1003 274 1071 elephas
286 1001 390 1053 morbus
391 1003 456 1068 ‚qui
468 1008 574 1069 propter
585 1002 695 1054 flumina
708 1002 764 1053 Nili

77 1072 201 1140 (dignitur
212 1071 346 1139 AEgypto
339 1088 367 1121 ιιι
379 1071 472 1135 media,
485 1087 570 1136 neque
583 1077 706 1138 preterea
718 1088 840 1138 usquam.

111 1141 221 1193 Atthide
234 1147 371 1193 tentantur
383 1157 492 1206 gressus,
504 1140 642 1206 oculique'
635 1156 663 1189 ιιι
676 1140 782 1192 Achaeis

76 1209 202 1262 Finibus:
220 1209 282 1261 inde
293 1209 352 1261 aliis
365 1208 431 1260 alius
444 1208 515 1260 locus
528 1216 567 1260 est
580 1208 701 1259 inimicus
755 1245 761 1252 ·

76 1278 198 1332 Partibus
210 1295 241 1330 ac
252 1278 390 1330 membris:
408 1277 495 1329 varius
508 1278 647 1328 concinnat
659 1278 687 1328 id
699 1278 755 1330 aer.

114 1347 229 1400 Proinde
240 1347 287 1399 ubi
299 1363 326 1398 se
338 1346 440 1409 coelum,
453 1346 521 1413 quod
533 1346 607 1398 nobis
619 1347 687 1399 forte
699 1346 826 1415 alienum,

78 1417 236 1483 commoret,
248 1422 327 1483 atque
339 1417 384 1467 aer
396 1415 517 1466 inimicus
530 1432 630 1482 serpere
642 1417 734 1484 coepit;

77 1486 114 1538 Ut
126 1485 222 1537 nebula
233 1502 264 1537 ac
276 1484 357 1536 nubes
369 1484 499 1552 paulatim
510 1485 586 1551 repit,
600 1492 626 1535 et
639 1501 722 1550 omne,
849 1490 870 1537 l.

78 1554 138 1613 Qua
150 1554 278 1621 graditur,
290 1553 437 1619 conturbat,
449 1559 476 1604 et
488 1554 627 1605 immutare
639 1559 750 1605 coactat.

76 1622 121 1675 Fit
134 1639 243 1689 quoque,
256 1630 286 1673 ut
299 1623 327 1674 in
339 1631 457 1673 nostrum
469 1638 552 1688 quum
564 1624 637 1674 venit
650 1623 762 1690 denique
775 1623 870 1675 coelum

77 1692 236 1758 Corrumpat,
249 1691 395 1757 reddatque
407 1691 447 1741 sui
461 1691 544 1742 simile
557 1700 636 1758 atque
648 1692 772 1743 alienum.

112 1760 177 1811 Haec
190 1760 273 1826 igitur
284 1759 370 1810 subito
383 1760 468 1810 clades
480 1777 555 1825 nova,
568 1761 757 1841 pestilitasque,

77 1829 152 1882 Aut
144 1846 173 1880 ιιι
185 1845 266 1895 aquas
279 1829 357 1894 cadit,
370 1835 417 1880 aut
428 1829 517 1896 fruges
530 1829 657 1895 persidit'
649 1846 679 1879 111
690 1830 767 1896 ipsas,

77 1900 133 1951 Aut
145 1899 209 1951 alios
220 1898 357 1949 hominum
368 1903 459 1964 pastus
472 1898 652 1978 pecudumque
664 1897 784 1962 cibatus,

77 1968 133 2019 Aut
145 1968 225 2019 etiam
237 1983 360 2047 suspensa
372 1977 460 2017 manet
472 1967 511 2016 vis
524 1969 583 2018 aere
595 1967 624 2017 in
635 1967 706 2034 ipso;

77 2035 113 2087 Et
113 2053 214 2104 ,quum
227 2036 354 2115 spirantes
366 2035 463 2086 mixtas
475 2035 537 2086 hinc
549 2036 668 2087 ducimus
680 2052 764 2102 auras,

78 2106 129 2157 Illa
142 2121 243 2172 quoque
255 2105 284 2154 in
296 2120 388 2170 corpus
400 2103 498 2170 pariter
510 2104 610 2155 sorbere
622 2121 724 2161 necesse
736 2110 784 2158 est.

78 2173 213 2225 Consimili
224 2173 325 2224 ratione
337 2172 410 2223 vemt
421 2171 506 2223 bubus
519 2190 622 2240 quoque
634 2189 701 2241 saepe
848 2178 870 2226 11

78 2242 140 2294 Pest
141 2243 219 2307 ilitas,
232 2242 312 2293 etiam
324 2241 406 2308 pigris
417 2240 569 2292 balantibus
582 2259 670 2309 aegros.

77 2311 133 2363 Nec
144 2283 231 2376 refert,
243 2317 333 2361 utrum
345 2326 391 2360 nos
404 2309 431 2360 in
444 2309 500 2361 loca
513 2310 680 2362 deveniamus

77 2379 103 2430 N
104 2379 159 2432 obis
171 2351 285 2444 advdrsa,
299 2386 325 2430 et
338 2378 396 2429 coeli
408 2389 539 2429 mutemus
552 2380 694 2432 amictum:

78 2448 121 2499 An
134 2448 227 2500 ccelum
239 2448 313 2499 nobis
325 2447 395 2498 ultro
407 2455 502 2499 natura
514 2456 653 2514 coruptum

72 2516 192 2585 Deferat,
205 2522 253 2569 aut
265 2515 436 2584 aliquidque
448 2532 501 2566 non
513 2518 694 2568 consuevimus
705 2518 755 2585 uti,

65 2587 144 2655 Quod
156 2606 207 2642 nos
218 2588 345 2644 adventu
356 2585 441 2655 pessit
452 2592 558 2636 tentare
566 2585 675 2634 receuti.
