1928 2964
316 141 580 223 ureuesnxnus.
815 145 865 196 roe

26 245 143 300 'llurbine
153 246 270 300 versanti
281 245 365 313 magis
377 263 413 297 ac
420 245 504 312 magis
516 244 633 311 undique
644 241 749 310 nubem,

27 315 110 382 Cogit,
122 315 164 367 uti
175 315 223 367 fiat
235 315 316 383 spisso
328 331 393 366 cava
406 330 510 381 corpore
522 313 633 365 circumx

26 383 97 451 Post,
109 384 156 435 ubi
168 385 307 436 commovit
319 384 358 435 vie
373 385 429 450 ejus
442 389 468 434 et
480 383 594 450 impetus
605 397 673 445 acer,

27 453 96 505 Tum
107 452 293 521 perterricrepo
305 451 392 503 sonitu
404 451 451 503 dat
462 451 542 502 missa
553 451 689 517 fragorem.

27 521 53 573 N
54 539 83 574 ec
94 522 204 585 mirum3
217 537 299 587 quum
312 521 390 588 plena
401 520 495 572 animae
508 519 621 571 vesicula
633 535 715 586 parva
815 518 865 585 130

27 589 102 658 Saepe
113 591 152 642 ita
164 591 211 642 dat
225 590 323 657 pariter
335 589 450 654 sonitum
462 587 579 655 displosa
586 593 701 655 repente.

63 659 111 711 Est
124 659 204 711 etiam
216 659 292 725 ratio,
304 674 387 725 quum
399 657 473 709 venti
484 656 575 707 nubila
587 656 706 723 perflant,

28 726 66 780 Ut
79 727 179 779 sonitus
191 727 305 778 faciant:
324 726 422 778 etenim
433 742 536 777 ramosa
547 725 666 777 videmus

29 795 128 848 Nubila
140 811 208 863 saepe
220 795 304 846 modis
316 795 407 845 multis
420 800 499 861 atque
511 811 603 861 aspera
614 793 683 845 ferri

28 865 134 916 Scilicet
146 870 184 930 ut,
196 863 313 916 crebram
326 863 419 915 silvam
432 880 514 930 quum
525 862 633 913 flamina
645 861 724 914 Gauri
810 867 811 871 ’

28 933 153 999 perflant,
165 933 230 984 dant
243 933 358 984 sonitum
369 931 481 997 frondes,
493 931 611 996 ramique
622 931 761 998 fragorem.

28 1002 74 1054 Fit
86 1018 137 1069 quo
155 1019 195 1068 ue,
207 1007 239 1053 ut
250 1001 383 1052 interdum
395 1000 477 1052 validi
488 1000 528 1051 vis
539 999 622 1051 incita
634 999 708 1052 venti

29 1019 184 1122 Perscindet
195 1068 299 1136 nubem,
312 1069 474 1137 perfringens
486 1069 584 1136 impete
595 1074 673 1120 recto.

28 1138 98 1191 Nam
127 1138 174 1189 uid
186 1138 266 1206 possit
277 1137 315 1189 ibi
326 1138 412 1204 flatus,
425 1137 564 1189 manifesta
576 1136 651 1189 docet
662 1154 703 1188 res

30 1208 89 1273 Hic,
102 1225 120 1259 u
138 1207 148 1258 i
160 1207 243 1259 lenior
254 1213 301 1273 est,
314 1206 343 1257 in
355 1212 425 1257 terra
436 1223 519 1274 quum
531 1212 620 1258 tamen
632 1206 687 1258 alta
812 1205 862 1255 140

28 1277 144 1328 Arbusta
156 1276 276 1328 evolvens
287 1273 418 1327 radicibus
429 1275 519 1326 haurit
531 1275 564 1326 ab
575 1274 643 1327 imis.

64 1345 134 1397 Sunt
145 1345 226 1396 etiam
237 1344 334 1396 fluctus
346 1361 393 1412 per
404 1343 502 1410 nubila,
533 1344 561 1395 ui
573 1343 649 1410 quesi
660 1359 780 1395 murmur

29 1414 103 1466 Dant
115 1415 144 1466 in
156 1412 301 1480 frangendo
316 1413 445 1479 graviter:
458 1361 532 1480 quodl
539 1413 604 1464 item
616 1411 647 1463 fit
659 1412 688 1462 in
701 1411 764 1463 altis

29 1482 196 1535 Fluminibus
207 1498 356 1548 magnoque
367 1481 441 1548 mari,
454 1498 536 1548 quum
547 1481 680 1548 frangitur
692 1486 766 1532 aestu.
835 1525 837 1528 .

65 1551 111 1602 Fit
123 1566 234 1619 quoque,
246 1550 293 1602 ubi
304 1568 318 1604 e
330 1549 400 1601 nube
411 1550 440 1601 in
452 1550 549 1602 nubem
562 1550 601 1602 vis
613 1549 707 1601 incidit
719 1549 812 1602 ardens

30 1619 172 1672 Fulminis:
192 1619 247 1671 haec
259 1620 344 1671 multo
356 1619 378 1671 si
389 1619 457 1670 forte
469 1617 578 1671 humore
590 1619 689 1687 recepit

30 1689 131 1756 Ignem,
144 1689 267 1741 continuo
279 1705 375 1756 magno
387 1688 499 1740 clamore
511 1688 641 1741 trucidat:

31 1757 69 1809 Ut
80 1757 172 1808 calidis
184 1758 298 1808 candens
309 1758 408 1808 ferrum
420 1774 435 1809 e
445 1757 595 1809 fornacibus
607 1757 670 1808 olim

31 1825 133 1891 Stridit,
145 1825 190 1877 ubi
201 1827 231 1876 in
243 1825 359 1892 gelidum
371 1843 478 1893 propere
490 1826 659 1877 demersimus
671 1825 788 1878 imbrem.

65 1894 170 1945 Aridior
182 1911 256 1962 porro
269 1895 291 1944 si
302 1894 385 1945 nubes
397 1895 494 1962 accipit
505 1894 601 1960 ignem,
819 1896 869 1945 150

30 1963 124 2015 Uritur
135 1963 238 2029 ingenti
251 1963 338 2014 sonitu
350 1979 474 2014 succensa
485 1968 606 2030 repente:

30 2031 197 2084 lauricomos
208 2038 240 2084 ut
252 2032 274 2082 si
286 2049 331 2099 per
342 2038 444 2083 montes
455 2031 561 2083 flamma
573 2036 690 2098 vagetur,

31 2100 146 2152 Turbine
159 2107 296 2152 ventorum
308 2100 461 2152 comburens
473 2101 572 2168 impete
583 2117 686 2168 magno.

31 2168 87 2222 Nec
98 2186 139 2221 res
151 2169 208 2221 ulla
219 2169 309 2237 magis,
322 2187 401 2237 quam
414 2169 506 2221 Phoebi
518 2169 646 2238 Delphica
657 2170 748 2222 laurus

31 2237 152 2291 Terribili
165 2239 253 2290 sonitu
264 2239 370 2289 flamma
382 2239 528 2306 crepitante
540 2245 678 2291 crematur.

66 2307 194 2375 Denique,
207 2324 274 2375 saepe
286 2307 339 2374 geli
350 2307 451 2359 multus
462 2308 551 2375 fragor
562 2315 641 2374 atque
653 2306 731 2358 ruina

32 2376 174 2429 Grandinis
185 2377 214 2426 in
225 2376 328 2442 magnis
341 2377 456 2427 sonitum
468 2376 515 2428 dat
527 2375 641 2426 nubibus
652 2375 713 2428 alte.
737 2436 739 2441 ¹

33 2444 137 2497 Ventus
149 2445 220 2497 enim
232 2461 313 2511 quum
325 2445 458 2511 confercit,
470 2445 631 2510 franguntur
642 2444 671 2495 in
682 2447 786 2497 arctum

32 2513 153 2568 Concreti
164 2518 265 2565 montes
277 2512 433 2579 nimborum,
445 2519 472 2565 et
483 2513 612 2580 grandine
623 2512 710 2568 mixti.

444 2737 461 2777 0
