1928 2964
342 133 450 188 amna
468 112 642 194 ouranos
861 133 909 182 121

68 245 110 298 Ab
121 244 217 312 dubiis,
229 243 333 297 animus
346 260 410 311 quas
422 243 456 296 ab
468 261 495 296 se
507 243 626 312 protinus
639 243 720 295 abdit,

101 315 231 382 Denique,
243 314 283 366 nil
295 313 355 366 sciri
367 314 459 381 siquis
471 318 557 380 putat,
570 313 598 364 id
610 329 713 380 quoque
725 311 816 378 nescit,
859 312 911 364 470

67 385 111 436 An
123 384 186 435 sciri
197 383 287 450 possit,
299 383 347 450 qui
358 399 385 433 se
396 383 436 433 nil
449 383 516 434 scire'
525 383 639 433 fatetur:

30 514 32 518 Α
67 452 149 505 Hunc
160 453 245 520 igitur
256 457 348 504 contra
358 451 464 502 mittam
476 450 632 502 contendere
644 467 756 517 causam,

68 522 120 585 Qui
133 522 221 590 capite
232 521 288 588 ipse
301 536 347 572 suo
358 520 388 570 in
399 520 495 571 statuit
507 519 619 586 vestigia
629 535 690 571 sese.

66 591 102 643 Iu
114 597 206 643 tamen
217 590 266 641 hoc
279 605 381 658 quoque
393 589 434 640 uti
451 588 599 653 concedam,
612 588 691 652 scire;
709 594 737 640 at
749 588 777 640 id
789 589 876 657 ipsum

66 660 198 725 Quaeram,
211 675 292 726 quum
303 659 332 710 in
344 658 421 709 rebus
433 658 487 709 veri
502 657 541 708 nil
548 657 648 724 ‚viderit
661 662 731 724 ante,

66 729 144 782 Unde
157 729 231 795 sciat,
243 728 307 795 quid
320 728 355 778 sit
368 727 440 794 scire,
455 731 482 777 et
493 725 593 778 nescire
605 726 736 778 vicissim?

240 846 281 899 De
294 861 352 898 vero
364 861 440 898 seruat
451 853 737 914 quarecoyaosccmtur.¹

64 941 198 995 Notitiam
209 942 265 995 veri
276 958 334 1010 quae
345 958 387 993 res
399 940 511 1008 falsique
523 941 633 1004 crearit;

65 1011 101 1064 Et
113 1012 226 1064 dubium
233 1017 309 1063 ‘certo
321 1028 380 1079 quae
392 1028 432 1062 res
444 1010 548 1062 differre
559 1010 693 1078 probarit?

101 1081 232 1148 Invenies,
244 1080 335 1148 primis
347 1079 381 1132 ab
394 1079 511 1131 sensibus
524 1096 579 1130 esse
592 1085 707 1131 creatam

35 1147 196 1202 oNotitiam
208 1150 367 1216 veriusque
380 1166 469 1200 sensus
482 1166 556 1216 posse
568 1148 665 1200 refelli:
858 1154 910 1202 480

63 1216 134 1271 Nam
145 1221 245 1286 majore
256 1218 308 1270 fide
320 1217 398 1270 debet
409 1217 546 1285 reperirier
558 1217 633 1283 illud,

64 1285 164 1355 Sponte
177 1305 225 1339 sua
236 1288 304 1340 veris
316 1288 386 1356 quod
399 1287 481 1355 possit
493 1287 598 1339 vincere
609 1286 684 1340 falsa.

65 1355 136 1419 Quid
148 1359 246 1424 majore
257 1356 309 1408 fide
321 1374 403 1424 porro,
417 1374 496 1425 qnam
509 1373 606 1423 sensus,
618 1356 709 1408 haberi

63 1423 166 1478 Debet?
184 1442 220 1478 an
231 1425 265 1478 ab
277 1443 354 1477 sensu
365 1426 431 1477 falso
443 1426 511 1477 ratio
524 1430 581 1477 orta
593 1425 692 1478 valebit

63 1493 157 1546 Dicere
170 1511 212 1547 eos
225 1500 323 1561 contra,
335 1512 394 1562 quae
407 1500 464 1547 tota
476 1494 509 1546 ab
522 1494 638 1546 sensibus
651 1501 709 1547 orta
721 1495 778 1547 esti

64 1562 115 1626 Qui
128 1563 180 1616 nisi
192 1564 246 1616 sint
258 1564 321 1630 veri,
333 1565 400 1616 ratio
412 1581 515 1631 quoque
526 1563 594 1615 falsa
605 1563 636 1615 fit
649 1565 741 1617 omnis.

63 1632 106 1684 An
118 1639 245 1701 potarunt
257 1633 345 1685 oculos
357 1650 432 1685 aures
444 1633 650 1701 reprehendere?
668 1651 703 1685 an
715 1652 791 1686 auree

63 1700 178 1755 Tactus?
196 1719 231 1753 an
242 1703 315 1754 hunc
328 1719 403 1770 porro
415 1707 517 1754 tactum
530 1719 605 1770 sapor
617 1709 711 1770 arguet
723 1703 792 1756 oris?

62 1772 106 1821 An
118 1771 296 1823 confutabunt
307 1788 390 1837 nares,
403 1771 505 1823 oculive
517 1771 672 1824 revincent?

16 1871 19 1879 -
62 1839 88 1891 N
88 1857 130 1906 on,
143 1845 176 1892 ut
187 1840 286 1908 opinor,
299 1840 339 1893 ita
350 1846 403 1893 est:
422 1857 485 1892 nam
497 1857 612 1892 seorsum
625 1842 718 1908 cuique
729 1847 845 1910 potestas
855 1845 907 1894 490

61 1907 155 1962 Divisa
167 1915 221 1961 est:
240 1927 288 1961 sua
300 1910 340 1962 vis
352 1910 448 1976 cuique
460 1914 513 1961 est:
531 1910 641 1977 ideoque
653 1927 757 1963 necesse
769 1917 817 1980 est,

61 1977 96 2031 Et
109 1978 180 2047 quod
191 1978 270 2031 molle
282 1979 317 2031 sit
329 1983 357 2031 et
368 1979 486 2047 gelidum
498 1977 633 2031 fervensve
645 1979 743 2045 videri;

61 2045 97 2099 Et
110 2065 225 2100 seorsum
237 2048 323 2100 varios
334 2065 422 2099 rerum
434 2047 530 2099 sentire
543 2047 647 2114 colores,

61 2115 97 2168 Et
111 2133 283 2185 quaecumque
295 2115 419 2169 coloribu’
432 2117 486 2178 sint
498 2118 646 2185 conjuncta,
658 2135 762 2169 necesse
775 2122 821 2170 est.

60 2183 168 2238 Seorsus
180 2185 245 2237 item
257 2203 334 2253 sapor
346 2186 397 2238 oris
409 2185 489 2238 habet
501 2185 563 2252 vim,
576 2204 675 2238 seorsus
688 2187 778 2238 odores

60 2253 220 2321 Nascuntur,
233 2271 348 2307 seorsum
361 2255 476 2306 sonitus:
494 2255 606 2322 ideoque
618 2271 721 2306 necesse
733 2259 781 2321 est,

60 2322 86 2374 N
86 2340 121 2375 on
133 2325 234 2392 possint
245 2324 310 2376 alios
322 2324 369 2376 alii
381 2323 536 2376 convincere
548 2341 645 2376 sensns.

59 2390 86 2443 Ν
86 2410 116 2444 ec
128 2410 204 2460 porro
216 2398 341 2462 potenmt
352 2393 404 2461 ipsi
444 2393 604 2461 prehendere
617 2409 685 2455 sese;

60 2460 149 2529 AEqua
160 2461 224 2514 fides
237 2463 362 2529 quoniam
374 2462 406 2513 de
425 2461 479 2513 ebit
492 2479 593 2530 semper
604 2460 703 2512 haberi.

61 2529 181 2598 Proinde,
200 2532 269 2599 quod
287 2531 317 2581 in
335 2547 437 2600 quoque
454 2535 495 2582 est
512 2530 554 2583 his
572 2531 658 2581 visum
675 2535 801 2600 tempore,
812 2547 906 2584 verum

94 2668 138 2738 Et,
150 2618 180 2724 sie
181 2605 237 2723 ⁸riou
249 2667 347 2739 poterit
358 2667 427 2722 ratio
438 2667 580 2722 dissolvere
591 2684 711 2739 cauum
854 2605 906 2654 500
