1928 2964
250 411 288 467 T.
318 411 567 466 LUCRETII
594 411 716 469 CARI

465 565 498 598 DE

169 691 425 784 RERUM
492 691 794 782 NATURA

333 866 443 921 LIBER
460 867 631 931 QUARTUS.

439 1015 522 1032 W

58 1145 136 1198 Am
149 1145 286 1198 Pieridum
297 1162 407 1214 peragro
419 1145 483 1214 loon,
495 1145 595 1198 nullius
607 1151 670 1199 ente

58 1215 134 1268 Trito
146 1215 201 1267 eolo
211 1233 219 1278 ;
232 1216 312 1282 juvat
323 1216 439 1283 integros
451 1214 574 1268 accedere
586 1215 672 1268 fontes

58 1282 149 1352 Atque
160 1284 281 1336 haurire:
296 1286 426 1352 juvetque
438 1301 518 1336 novoe
530 1284 667 1353 decerpere
678 1285 761 1350 flores,

58 1352 248 1420 Insignemque
259 1370 317 1405 meo
329 1354 411 1421 capiti
422 1360 511 1421 petere
522 1353 585 1405 inde
597 1370 726 1422 eoronam,

10 1449 14 1475 ι
58 1421 137 1473 Unde
149 1421 224 1490 prius
235 1422 304 1474 nulli
316 1422 430 1475 velarint
442 1427 495 1473 tem
530 1438 560 1474 ru
572 1421 663 1475 Mueae.

10 1478 14 1501 '
59 1489 187 1557 Primum,
199 1491 269 1559 quod
280 1491 384 1558 mugnis
396 1491 475 1542 doceo
505 1489 615 1556 erebus,
627 1496 654 1542 et
666 1491 746 1545 erotis

59 1558 230 1627 Religionum
241 1559 342 1611 animos
353 1560 429 1611 nodis
441 1559 573 1612 exsolvere
584 1577 665 1640 pergo
671 1579 679 1624 ;

58 1627 170 1695 Deinde,
183 1629 252 1696 quod
265 1627 374 1680 obscure
386 1629 419 1680 de
430 1644 458 1679 re
470 1633 526 1680 tom
538 1628 628 1680 lueida
639 1628 726 1696 pando

58 1696 190 1764 Carmina,
203 1697 303 1749 Musaeo
315 1698 470 1764 contingens
482 1703 578 1750 cuncta
590 1696 690 1766 lepore:

10 1748 23 1775 χ
58 1766 91 1818 Id
104 1782 209 1834 quoquo
221 1767 292 1819 enim
303 1782 356 1818 non
369 1765 402 1818 ab
414 1765 489 1818 nulla
501 1766 602 1818 ratione
614 1766 719 1819 videtur
725 1784 733 1830 ;
866 1773 898 1820 10

57 1834 128 1888 Num
140 1835 224 1887 veluti
235 1836 323 1903 pueris
336 1835 469 1887 absinthia
480 1840 550 1887 tetro
560 1834 695 1887 medentes

58 1903 148 1967 Quum
160 1903 223 1956 dere
234 1909 371 1970 oonantur,
383 1904 455 1972 prius
468 1920 524 1955 oras
536 1903 631 1972 poeula
643 1904 742 1958 circum

58 1972 224 2039 Contingunt
235 1972 321 2025 mellis
333 1972 405 2024 dulei
416 1972 536 2040 flavoque
548 1973 654 2041 liquore,

58 2041 95 2093 Ut
107 2059 248 2110 puerorum
260 2049 323 2094 aetes
335 2041 482 2110 improvido
494 2041 644 2095 ludificetur

57 2110 203 2163 Inbrorum
214 2116 305 2174 tenue;
323 2111 425 2162 interea
436 2116 557 2179 perpotet
569 2128 689 2164 amorum

56 2179 183 2231 Absinthi
194 2179 307 2245 laticem,
320 2180 481 2247 deceptoque
493 2197 547 2231 non
559 2181 689 2248 cupiatur,

56 2247 108 2300 Sed
120 2249 216 2317 potius,
228 2249 278 2300 tuli
290 2254 395 2301 attactu
405 2254 529 2314 recreata,
542 2249 671 2302 vulesoet:

56 2316 99 2369 Sic
111 2333 160 2386 ego
171 2334 250 2384 nuno,
263 2317 388 2385 quoniam
399 2317 457 2369 haec
468 2318 535 2371 ratio
547 2318 701 2387 plerumque
713 2318 819 2372 videtin

55 2385 166 2439 'l‘rietior
177 2403 240 2453 erse,
253 2387 349 2454 quibus
360 2403 415 2438 non
426 2392 466 2438 eet
477 2392 608 2451 motam
624 2394 746 2455 retroque

56 2455 161 2525 Vulgus
173 2454 296 2508 abhorret
308 2455 341 2507 ub
353 2455 411 2522 hae,
424 2455 496 2507 volui
508 2455 558 2508 tibi
570 2456 765 2524 suaviloquenti
861 2463 895 2512 20

56 2524 176 2577 Carmine
189 2523 275 2576 Pierio
287 2524 417 2576 rationem
428 2540 557 2592 exponere
569 2530 693 2593 nostrum,

55 2592 90 2646 Et
101 2594 178 2663 quasi
190 2593 290 2646 Musaeo
301 2593 374 2645 dulci
385 2593 536 2660 contingere
547 2593 641 2658 melle;
