1928 2964
61 203 65 210 ,
79 150 130 201 118
393 148 422 202 Τ.
440 147 607 201 Lucanum

356 296 396 350 Be
407 296 500 350 ambra
511 295 637 350 hominis.

114 393 213 446 Umbra
225 394 330 446 ridetur
341 395 407 446 item
417 394 492 447 nobis
504 394 532 446 in
545 394 597 445 sole
608 391 715 457 moveri,

79 460 114 513 Et
127 463 237 531 vestigia
249 470 338 515 nostra
351 463 432 531 sequi,
444 468 599 532 gestumque
611 461 726 525 imitari;

80 531 151 583 Adra
163 532 185 583 si
197 532 286 584 credas
299 533 432 600 privatum
444 532 544 584 lumine
556 547 630 600 posse

81 600 229 667 Indogredi,
241 608 327 653 motus
339 602 475 653 hominum
487 606 628 668 gestusque
641 603 802 668 sequentem

79 667 149 720 Nam
160 670 228 720 nihil
240 687 294 721 esse
306 677 393 738 potest
404 670 485 736 aliud,
497 670 549 721 nisi
561 669 660 721 lumine
672 685 761 720 cassus

81 737 140 802 Aer,
153 738 188 805 id,
202 738 272 804 quod
284 756 330 790 nos
342 738 463 791 umbram
474 739 609 807 perhibere
621 755 719 790 sumus.

80 806 220 873 Nimirum,
233 808 295 875 quia
307 813 377 860 terra
388 808 451 860 locis
464 826 497 859 ex
509 808 599 860 ordine
611 807 689 858 certis

80 874 191 928 Lumine
204 877 323 944 privatur
335 877 402 943 solis,
416 893 580 945 quacumque
591 880 709 928 meantes

81 944 230 998 Officimus:
248 945 365 1013 repletur
376 946 448 1012 item,
461 946 531 1014 quod
543 945 669 1015 liquimus
682 947 746 1013 ejus.

81 1012 222 1082 Propterea
233 1014 272 1080 fit,
284 1015 326 1067 uti
337 1015 466 1080 videatur,
479 1031 536 1082 quae
548 1015 601 1066 fuit
613 1013 707 1066 umbra

82 1082 207 1151 Corporis,
219 1101 234 1136 e
245 1084 350 1151 regione
362 1083 452 1136 eadem
464 1101 511 1135 nos
523 1100 607 1152 usque
620 1088 738 1151 sequuta.

82 1151 189 1220 Semper
201 1153 271 1204 enim
282 1171 350 1206 nova
363 1170 389 1204 se
400 1153 534 1205 radiorum
545 1152 648 1205 lumina
659 1151 787 1219 fundunt,

82 1220 222 1290 Primaque
234 1222 393 1303 dispereunt,
406 1223 481 1289 quasi
493 1222 522 1273 in
533 1222 622 1289 ignem
633 1222 696 1273 lana
708 1220 839 1273 trahatur.

82 1289 223 1359 Propterea
234 1291 312 1343 facile
324 1297 351 1344 et
364 1291 491 1360 spoliatur
503 1291 603 1343 lumine
615 1296 693 1358 terra,

82 1358 118 1411 Et
129 1360 247 1428 repletur
258 1361 330 1426 item,
343 1361 483 1428 nigrasque
495 1360 544 1412 sibi
556 1359 642 1413 abluit
654 1358 767 1411 umbras.

117 1428 172 1480 Nec
183 1435 273 1480 tamen
285 1430 328 1481 hic
341 1430 428 1481 oculos
439 1430 498 1483 falli
510 1428 675 1481 concedimus
687 1427 781 1481 hilum.
875 1431 883 1480 ἔ

82 1496 109 1547 N
109 1514 159 1562 am,
171 1515 335 1565 quocumque
348 1499 404 1550 loco
416 1499 451 1551 sit
462 1499 518 1565 lux,
530 1504 610 1566 atque
622 1496 722 1563 umbra,
735 1496 807 1549 tueri

84 1565 193 1616 Illorum
205 1572 260 1619 est:
279 1568 370 1618 eadem
382 1585 442 1620 vero
455 1567 508 1619 sint
521 1567 629 1633 lumina,
642 1583 733 1633 necne,

83 1632 239 1701 Umbraque‚
252 1652 310 1702 quae
322 1637 375 1688 fuit
387 1636 438 1701 hic,
451 1637 542 1688 eadem
553 1653 619 1687 num
631 1640 748 1688 transeat
760 1634 844 1699 illuc;

83 1703 126 1752 An
138 1703 225 1770 potius
236 1703 291 1770 fiat,
304 1705 383 1772 paulo
396 1706 465 1773 quod
478 1705 593 1756 diximus
605 1711 682 1769 ante3

84 1771 142 1822 Hoc
154 1772 236 1822 animi
247 1773 353 1825 demum
364 1776 432 1826 ratio
444 1774 589 1826 discernere
601 1773 685 1841 debet,

84 1840 138 1891 Nec
151 1849 260 1908 possunt
272 1843 340 1894 oculi
352 1850 475 1895 naturam
487 1861 592 1895 noscere
604 1860 697 1896 rerum.

84 1908 196 1962 Proinde
208 1912 290 1964 animi
301 1912 457 1964 vitiumhoc
469 1913 551 1964 oculis
563 1913 687 1981 affingere
699 1911 761 1965 noli

449 2026 489 2080 Do
501 2028 567 2082 visa

119 2122 177 2186 Qua
187 2121 309 2174 vehimur
319 2123 389 2188 navi,
401 2123 493 2190 fertur,
506 2140 588 2191 quum
601 2128 669 2174 stare
680 2121 803 2186 videtum

85 2191 149 2255 Quae
161 2198 250 2244 manet
261 2191 290 2242 in
303 2192 422 2258 statione,
434 2209 465 2244 ea
477 2198 572 2260 praeter
583 2191 698 2243 creditur
710 2191 763 2255 ire;

84 2260 120 2313 Et
131 2262 221 2328 fugere
233 2261 267 2312 ad
279 2261 389 2330 puppim
401 2261 478 2313 colles
490 2260 627 2328 campique
640 2260 769 2327 videntur,

85 2330 154 2394 Quos
166 2331 268 2397 agimus
280 2336 375 2398 praeter
387 2331 483 2397 navim,
496 2329 612 2398 velisque
623 2329 750 2382 volamus.

120 2397 210 2450 Sidera
221 2416 320 2451 cessare
332 2399 445 2451 aetheriis
457 2399 536 2451 affixa
548 2399 665 2450 cavernis

85 2466 185 2518 Cuncta
198 2468 335 2531 videntur3
353 2474 380 2519 et
393 2468 496 2520 assiduo
508 2473 570 2518 sunt
582 2467 669 2519 omnia
681 2471 768 2520 motu:

85 2534 302 2602 Quandoquidem
314 2537 404 2604 longos
416 2536 502 2588 obitus
515 2542 606 2587 exorta
617 2536 744 2603 revisunt,

85 2603 172 2665 Quum
183 2621 319 2670 permensa
332 2623 376 2658 suo
389 2611 451 2657 suut
463 2603 557 2656 coelum
569 2621 673 2672 corpore
685 2604 768 2657 clero:

67 2670 171 2738 hblque
176 2671 245 2740 peri
252 2673 358 2728 ratione
369 2690 477 2730 manere
488 2678 515 2727 et
527 2673 591 2725 luna
603 2673 708 2725 videtur

85 2898 218 2932 Α
