1928 2964
345 155 453 209 LIBER
469 154 641 221 QUARTUS.

67 258 99 310 In
112 259 227 312 statione
238 278 245 323 ;
263 275 295 311 ea
307 275 366 326 qua
378 259 441 310 ferri
452 275 493 310 res
506 257 607 310 indicat
618 258 683 325 ipsa

101 328 298 396 Exstantesque
310 327 401 395 procul
413 327 498 380 medio
511 327 543 379 dc
555 327 661 394 gurgite
672 329 781 392 montes,

65 396 198 449 Classibus
210 398 281 448 inter
293 413 358 463 quos
370 396 436 448 liber
447 402 523 464 patet
534 396 630 458 exitus,
643 395 737 462 ingens

67 465 158 518 Insula
167 466 316 535 conjunctis
328 473 417 518 tamen
429 465 516 517 exhis
528 481 582 517 una
593 464 707 517 videtur.
858 465 909 514 400

101 535 179 587 Atria
190 535 296 601 versari,
309 540 335 586 et
347 535 548 586 circumcursare
560 533 695 599 columna,

66 603 156 670 Usque
169 603 234 655 adeo
246 604 284 670 fit,
297 603 338 654 uti
350 603 437 671 pueris
448 602 596 669 videantur,
608 602 654 654 ubi
666 601 718 670 ipsi

65 671 208 724 Desierunt
220 673 295 736 verti,
308 673 354 724 vix
365 677 397 722 ut
405 673 463 738 jam
474 671 578 723 credere
590 671 697 739 possint,

66 740 127 793 Non
139 758 220 809 supra
231 758 286 793 sese
296 757 372 792 ruere
384 741 472 792 omnia
483 746 555 792 tecta
566 739 669 792 minari

100 811 217 876 Jamque
228 809 338 861 rubrum
349 809 468 861 tremulis
477 809 557 876 jubar
568 809 673 876 ignibus
685 808 784 876 erigere
795 808 849 861 alte

67 879 155 942 Quum
168 885 267 947 coeptat
278 884 380 944 natura,
393 895 523 946 supraque
535 877 660 929 extollere
671 884 788 942 montes3

66 948 135 1011 Quos
148 946 198 999 tibi
210 954 269 1000 tum
281 964 360 1015 supra
372 947 410 998 sol
421 955 522 999 montes
535 964 589 998 esse
601 947 714 1014 videtur,

65 1016 217 1069 Comminus
228 1017 285 1084 ipse
297 1033 342 1068 suc
354 1016 509 1083 contingens
520 1016 637 1068 fervidus
648 1016 712 1082 igni,

66 1085 119 1137 Vix
131 1084 229 1137 absunt
240 1085 314 1137 nobis
325 1086 419 1136 missua
431 1084 471 1136 bis
482 1085 555 1137 mille
567 1085 679 1152 sagitta,

65 1153 119 1205 Vix
130 1154 212 1206 etiam
221 1171 312 1206 cursus
323 1155 480 1222 quingentos
492 1171 561 1222 saepe
572 1153 666 1207 veruti.
853 1157 906 1206 410

64 1223 139 1274 Inter
151 1240 194 1275 eos
206 1223 338 1289 solemque
346 1225 437 1290 jacent
448 1223 574 1275 immania
585 1223 661 1291 ponti

63 1291 189 1359 AEquora,
202 1292 333 1344 substrata
345 1292 458 1344 aetheriis
470 1292 622 1359 ingentibus
634 1292 684 1343 oris
691 1310 699 1356 ;

63 1360 260 1428 Interjectaque
267 1367 333 1430 sunt
344 1368 474 1414 terrarum
484 1361 570 1413 millia
581 1361 673 1428 multa,

64 1430 129 1494 Qum
141 1431 221 1482 variae
233 1430 348 1482 retinent
360 1436 450 1498 gentes
462 1436 490 1482 et
501 1430 578 1482 saecla
589 1431 710 1484 ferarum.

63 1499 100 1550 At
112 1501 247 1566 conjectus
259 1517 341 1567 aquae,
353 1500 467 1567 digitum
479 1516 533 1551 non
544 1499 622 1551 altior
633 1517 725 1566 unum,

64 1568 115 1631 Qui
127 1568 228 1636 lapides
240 1568 310 1620 inter
322 1570 391 1620 sistit
402 1586 450 1636 per
461 1574 544 1620 strata
556 1568 665 1635 viarum,

63 1636 224 1705 Despectum
236 1637 334 1704 praebet
346 1638 394 1689 sub
406 1647 488 1690 terras
500 1638 598 1704 impete
609 1644 692 1706 tanto,

64 1705 87 1756 A
99 1706 175 1758 terris
187 1713 316 1775 quantum
328 1707 387 1758 coeli
399 1713 473 1774 patet
485 1707 555 1758 altus
567 1707 656 1759 hiatus
663 1725 670 1770 ;

62 1774 161 1827 Nubila
173 1775 311 1843 despicere,
324 1782 351 1828 ct
363 1775 459 1827 caelum
469 1785 502 1826 ut
513 1776 617 1828 videare
628 1776 724 1844 videre,
736 1781 764 1830 et

63 1843 175 1912 Corpora
186 1844 304 1896 mirande
317 1844 365 1896 sub
377 1852 459 1896 terras
470 1844 562 1896 abdita
573 1847 644 1898 coelo.
851 1849 902 1897 420

96 1913 225 1981 Denique,
237 1913 283 1964 ubi
293 1914 323 1965 in
334 1913 420 1966 medic
432 1913 506 1964 nobis
518 1930 600 1981 equus
612 1931 671 1967 acer
683 1915 792 1969 obhaesit

61 1980 191 2047 Flumine,
203 1982 271 2033 etin
282 1983 386 2050 rapidas
399 1983 484 2035 amnis
496 1982 661 2050 despeximus
673 1985 758 2038 undas
764 2004 773 2050 ;

61 2049 163 2102 Stantis
175 2051 235 2117 equi
247 2068 340 2119 corpus
352 2057 530 2104 transversum
541 2052 607 2105 ferre
619 2054 725 2108 ridetur

62 2118 115 2186 Vis,
128 2124 156 2170 et
168 2119 197 2170 in
209 2120 347 2172 adversum
358 2121 458 2172 flumen
470 2122 624 2175 contrudere
635 2125 747 2192 raptim:

61 2187 103 2254 Et,
116 2205 281 2256 quocumque
293 2190 379 2241 oculos
391 2191 549 2257 trajecimus,
562 2193 649 2245 omnia
660 2193 724 2246 ferri

61 2256 95 2308 Et
106 2257 188 2308 fluere
199 2258 308 2310 assimili
319 2258 393 2310 nobis
404 2259 505 2311 ratione
517 2259 646 2314 videntur.

94 2325 215 2378 Porticus
227 2327 322 2392 aequali
335 2328 453 2395 quamvis
465 2333 505 2379 est
517 2328 628 2396 denique
641 2330 732 2396 ductu,

60 2393 189 2462 Stansque
200 2395 229 2446 in
241 2402 399 2463 perpetuum
411 2396 517 2464 paribus
529 2398 638 2450 suffulta
649 2397 792 2459 columnis;

60 2462 149 2530 Longa
161 2469 257 2529 tamen,
269 2470 345 2544 parte
356 2465 390 2517 ab
402 2483 504 2517 summa
515 2483 598 2534 quum
610 2472 667 2519 tota
678 2467 790 2532 videtur,

60 2530 194 2584 Paulatim
206 2533 289 2584 trahit
301 2534 408 2600 angusti
419 2534 527 2601 fastigia
538 2534 605 2600 coni,
847 2539 898 2588 430

59 2600 138 2654 Tecta
151 2601 205 2653 solo
213 2603 337 2669 jungens,
348 2608 428 2670 atque
440 2603 527 2655 omnia
540 2603 649 2656 dextera
660 2604 741 2672 leeris,

59 2669 190 2723 Donicum
200 2671 230 2724 in
242 2671 380 2724 obscurum
392 2670 451 2724 coni
462 2671 589 2724 conduxit
601 2689 719 2728 acumen
