1928 2964
343 133 451 186 LIBER
469 129 643 195 QUARTUS.
862 134 909 182 121

67 246 110 298 Ab
121 244 216 312 dubiis,
229 243 333 297 enimus
347 259 410 310 ques
422 243 457 296 ub
468 261 495 296 se
507 243 627 312 protinus
639 242 720 295 abdit.

102 314 231 382 Denique,
243 314 283 365 nil
296 313 356 365 sciri
368 313 390 364 si
402 313 460 380 quis
472 318 558 380 putat,
570 312 598 364 id
611 329 714 379 quoque
725 311 817 378 nescit,
860 311 911 364 470

67 384 111 435 An
124 384 186 436 sciri
198 383 287 450 possit,
300 382 347 450 qui
359 399 385 434 se
397 383 436 433 nil
449 382 516 433 scirc'
525 381 639 432 fatetur:

67 452 149 505 Hunc
161 452 245 519 igitur
256 458 347 503 contre
358 451 465 502 mittem
476 449 633 501 contendere
645 466 757 517 censam,

68 521 120 585 Qui
133 522 221 590 cupite
232 521 288 588 ipse
301 537 347 571 suo
359 520 388 570 in
400 519 495 570 statuit
508 519 620 585 vestigia
630 535 691 570 sese.

66 590 102 643 Et
114 596 206 643 temen
217 589 267 640 hoc
279 605 382 657 qnoque
393 589 435 639 uti
451 588 599 653 concedam,
612 589 677 639 scire
684 607 691 651 ;
709 593 738 639 et
750 588 778 639 id
789 588 877 657 ipsum

67 659 198 725 (luterem,
211 675 293 726 quum
304 659 332 709 in
344 657 422 709 rebus
433 657 488 709 veri
502 656 542 707 nil
549 656 649 724 viderit
661 663 732 724 ente,

66 727 145 781 Unde
157 729 231 794 sciet,
243 727 307 794 quid
320 727 356 779 sit
368 727 441 792 scire,
455 731 483 777 et
493 725 594 778 nescire
606 726 737 778 vicissim?

240 845 282 899 De
294 861 353 898 vero
364 861 441 898 seusu
452 853 738 914 qemreucoqnoscanturo

65 940 198 994 Notitiam
209 941 264 994 veri
276 958 335 1010 quae
346 959 388 993 res
398 941 511 1008 falsique
523 941 633 1004 crearit3

66 1009 101 1063 Et
114 1011 226 1063 dubium
238 1017 309 1063 certo
321 1027 380 1079 quae
392 1027 433 1063 res
445 1010 548 1062 differre
560 1010 694 1078 probarit?

101 1079 232 1147 Invenies,
244 1079 336 1148 primis
348 1079 382 1131 ab
394 1079 512 1131 sensibus
525 1096 580 1130 esse
592 1086 708 1132 creatam

35 1170 53 1199 ο
64 1146 196 1202 Notitiam
208 1149 271 1214 veri,
282 1165 367 1216 neque
380 1165 470 1200 sensus
483 1165 556 1216 posse
568 1149 666 1200 refelli:
858 1154 910 1202 480

64 1215 135 1270 Nem
146 1220 244 1286 majore
256 1217 308 1270 fide
321 1216 398 1270 debet
409 1217 547 1285 reperirier
557 1217 633 1283 illud,

64 1285 164 1354 Sponte
177 1305 225 1339 sue
236 1287 304 1339 veris
316 1287 387 1355 quod
399 1287 481 1354 possit
494 1287 598 1338 vincere
610 1287 684 1339 false.

66 1355 136 1419 Quid
148 1359 246 1424 mej0re
257 1356 310 1408 fide
321 1373 404 1424 porro,
417 1373 497 1424 quem
509 1373 606 1422 sensus,
619 1355 709 1407 heberi

63 1423 167 1477 Debet?
185 1442 221 1478 en
231 1425 265 1478 ab
277 1442 354 1477 sensu
365 1424 432 1477 falso
444 1425 512 1476 ratio
524 1431 581 1478 orte
594 1425 692 1478 valebit

63 1492 158 1546 Dicere
170 1511 213 1546 eos
225 1500 323 1561 contre,
335 1511 395 1562 quse
408 1500 465 1546 totu
476 1494 510 1546 ab
522 1494 639 1546 sensibus
652 1500 709 1546 orte
722 1495 778 1548 esti

64 1562 115 1626 Qui
128 1563 181 1615 nisi
193 1563 246 1616 sint
257 1563 320 1630 veri,
333 1564 401 1615 ratio
413 1579 515 1632 quoque
527 1563 594 1615 falsa
605 1562 637 1616 fit
650 1564 741 1617 omnis.

63 1631 107 1684 An
119 1639 245 1700 poterunt
257 1632 345 1685 oculos
357 1649 433 1685 eures
444 1633 650 1700 reprehenderet
669 1650 703 1684 en
716 1651 791 1687 eures

63 1700 179 1753 Tactus?
197 1718 232 1753 en
243 1702 315 1753 hunc
328 1719 403 1770 porro
416 1707 519 1753 tectum
530 1719 606 1769 sapor
618 1708 711 1770 arguet
724 1703 792 1756 crist

63 1771 106 1822 An
118 1770 296 1823 confutabunt
307 1788 390 1836 neres,
404 1771 506 1823 oculive
517 1770 673 1824 revincent?

16 1870 19 1878 .
62 1839 89 1890 Ν
89 1856 131 1905 on,
144 1845 177 1892 ut
188 1839 286 1908 opinor,
299 1840 339 1892 ite
350 1845 404 1892 est:
423 1856 485 1891 nam
498 1857 613 1891 seorsum
625 1841 719 1908 cuique
730 1846 846 1910 potestas
855 1844 908 1894 490

62 1907 155 1961 Divisa
167 1915 222 1961 est:
241 1926 289 1961 sua
300 1909 340 1961 vis
353 1909 448 1976 cuique
460 1913 513 1961 est:
532 1909 642 1977 ideoque
654 1927 757 1963 necesse
770 1917 817 1980 est,

61 1977 97 2031 nt
110 1978 181 2046 quod
192 1977 270 2030 molle
283 1978 317 2030 sit
330 1983 357 2031 et
368 1978 486 2046 gelidum
498 1977 633 2030 fervensve
645 1979 744 2044 videri3

61 2045 98 2099 Et
110 2064 226 2099 seorsum
237 2048 323 2100 varios
334 2064 423 2099 rerum
435 2047 531 2098 sentire
543 2047 648 2114 colores

61 2114 98 2168 Et
111 2132 283 2184 quaecumque
296 2115 420 2168 coloribu’
432 2116 486 2178 sint
498 2118 646 2184 conjuncte,
659 2134 763 2169 necesse
775 2123 822 2170 est.

60 2183 169 2237 Seorsus
181 2185 245 2238 item
258 2203 335 2254 sspor
346 2185 397 2237 oris
409 2184 490 2236 hebet
501 2185 563 2252 vim,
576 2203 676 2238 seorsus
689 2187 779 2238 odores

60 2252 221 2320 Nascuntur,
234 2271 348 2306 seorsum
361 2255 476 2306 sonitus:
495 2254 607 2321 ideoque
619 2271 722 2306 necesse
734 2259 782 2321 est,

60 2321 121 2375 Non
134 2324 235 2391 possint
246 2323 311 2376 elios
323 2323 369 2376 elii
381 2323 536 2375 convincere
548 2341 646 2376 sensus.

60 2391 116 2444 Neo
129 2409 204 2460 porro
216 2397 341 2460 poterunt
353 2392 404 2460 ipsi
410 2392 604 2459 reprehendere
617 2408 686 2454 scse;

60 2459 149 2529 AEqua
160 2462 225 2514 fides
237 2461 362 2529 quoniam
374 2459 480 2513 debebit
492 2478 594 2529 semper
605 2459 703 2512 haberi.

61 2528 182 2597 Proinde,
200 2531 271 2599 quod
288 2530 317 2582 in
335 2547 437 2599 quoque
455 2535 496 2582 est
513 2530 555 2581 his
572 2529 658 2581 visum
676 2535 801 2600 tempore,
813 2547 906 2584 verum

94 2667 138 2737 Et,
150 2617 181 2723 sie
182 2605 238 2723 dibu
249 2667 348 2738 poterit
359 2667 427 2721 ratio
439 2667 580 2722 dissolvere
591 2684 712 2738 censum,
854 2605 907 2654 600
