1928 2964
240 116 349 171 LIBER
365 117 509 171 PRIMUS.
756 125 792 174 oo

36 221 149 273 medium
159 220 230 272 nihil
242 237 296 273 osse
308 226 401 289 potest,
413 220 458 271 ubi
470 219 549 272 inane
561 220 687 288 locusque

36 298 74 343 te:
92 307 178 357 neque
190 290 304 355 omnino,
316 290 403 358 sijum
414 288 532 341 medium
544 290 586 354 sit,
723 293 791 342 1070

36 378 40 409 r
52 359 90 411 ibi
104 359 249 426 quidquem
261 359 311 410 hec
323 359 411 427 potius
423 358 563 410 consistere
575 375 662 426 ceusu,

48 429 142 496 quevis
153 428 208 480 ulie
219 427 297 494 longe
308 427 410 479 ratione
420 444 534 479 menore.

36 515 41 548 ι
53 497 126 549 enim
137 497 209 549 locus
221 513 252 549 oc
265 496 387 564 spatium,
400 495 471 562 quod
482 496 562 549 inune
574 513 704 566 vocamus,

38 566 137 632 edium,
149 583 196 633 per
206 583 260 616 non
272 565 396 631 medium,
409 565 548 617 concedere
559 572 666 634 oportet

36 653 41 686 s
54 633 221 716 ponderibus,
232 642 320 686 motus
332 651 495 705 quacumque
507 634 643 686 feruntur:

36 721 156 772 umquem
167 703 239 756 locus
251 710 297 770 est,
311 718 363 769 quo
375 721 482 770 corpore
495 720 576 770 quum
589 721 690 770 venere,

37 772 76 824 ris
88 773 184 824 amissa
195 773 230 835 ri,
243 772 343 841 possint
355 777 423 823 stare
435 773 464 823 in
476 772 562 824 inani:

37 841 94 909 ruod
105 841 184 893 inune
196 847 285 893 eutem
297 847 344 904 est,
356 841 406 892 ulli
419 841 557 893 subsistere
570 840 655 908 debet,

40 927 90 963 sue
101 910 172 978 quod
183 917 279 962 nature
290 910 365 978 petit,
377 910 518 962 concedere
529 915 629 979 pergat

44 979 129 1046 igitur
140 985 249 1060 possunt
261 979 422 1030 talirotione
434 979 520 1031 teneri
720 983 787 1031 1080

37 1076 40 1100 r
53 1048 202 1113 concilmm,
213 1048 294 1100 medii
306 1048 435 1115 cupedine
447 1048 531 1100 victae.

37 1125 123 1183 sterce,
135 1117 258 1185 quonism
270 1135 323 1168 non
335 1117 423 1168 omniu
435 1133 541 1184 corpore
553 1117 658 1184 fingunt

37 1186 113 1238 dium
125 1186 183 1248 niti,
196 1186 240 1237 sed
249 1192 377 1238 terrarum
389 1191 470 1253 utque
482 1185 598 1253 liquoris,

37 1272 95 1307 rem
107 1255 182 1322 ponti
193 1255 347 1322 magnisque
359 1272 373 1306 e
384 1254 517 1306 montibus
529 1255 621 1319 undas,

37 1323 72 1376 ssi
84 1330 186 1376 terreno
199 1341 256 1390 quae
269 1341 374 1391 corpore
387 1324 585 1376 contineantur:

37 1399 90 1444 stra
101 1399 193 1444 tenues
205 1398 341 1461 exponunt
353 1393 421 1445 uiris
433 1410 517 1458 euros,

37 1462 93 1513 idos
106 1461 184 1513 simul
196 1479 212 1514 e
223 1462 309 1514 medio
321 1461 448 1513 differrier
459 1462 541 1528 ignes,

47 1530 107 1582 ideo
120 1536 206 1582 totum
218 1531 426 1582 circumtremere
439 1531 537 1582 aetheru
550 1530 637 1598 signis,

37 1600 56 1652 is
68 1599 201 1652 flammam
214 1617 260 1667 per
272 1599 331 1651 coeli
343 1600 439 1651 coerula
451 1600 531 1666 pasci,

37 1668 109 1722 calor
121 1686 137 1721 u
148 1669 233 1721 medio
245 1668 348 1736 fugiens
360 1668 397 1720 ibi
410 1668 517 1736 colliget
529 1669 619 1722 omnis.
716 1673 783 1722 1090

37 1755 68 1807 pe
80 1738 161 1790 etiem
173 1738 242 1790 vesci
255 1755 269 1790 e
281 1744 351 1790 terre
362 1738 484 1789 mortalia
496 1738 572 1790 saecls
579 1757 585 1801 ;

37 1824 134 1859 sorsum
146 1806 279 1859 arboribus
292 1824 404 1858 summos
416 1807 578 1862 frondescere
590 1825 675 1860 remos

42 1876 97 1928 nisi
109 1894 125 1929 e
137 1877 213 1928 terris
225 1876 354 1945 paulatim
367 1877 462 1943 cuique
474 1876 590 1928 cibatum

37 1945 83 1997 det
93 1945 116 2026 ;]
136 1953 165 1997 et
177 1963 255 2013 supra
267 1946 454 2012 circumtegere
467 1946 554 1997 omnia
567 1946 668 2013 coelum,

37 2014 108 2067 luen
120 2015 175 2066 ritu
185 2015 358 2081 flemmarum,
370 2015 466 2067 moenio
477 2015 571 2067 mundi

38 2085 96 2136 ient
109 2083 195 2135 subito
207 2102 333 2151 magnum
345 2102 391 2152 per
403 2084 481 2136 inane
494 2084 579 2136 solute
590 2102 598 2148 ;

37 2159 125 2207 cetera
137 2153 266 2205 consimili
277 2154 378 2205 ratione
391 2159 540 2221 sequantur,

37 2228 111 2276 ’utut
123 2223 181 2293 coeli
194 2222 340 2290 penetralia
351 2222 451 2291 templu
463 2239 581 2291 superne,

38 2309 73 2345 ue
86 2310 114 2344 se
126 2291 236 2361 pedibus
248 2292 345 2359 raptim
358 2292 494 2358 subducat,
507 2298 534 2344 et
546 2308 641 2356 omues,

38 2361 175 2415 ›ermixtss
186 2378 275 2412 rerum
287 2360 396 2428 coelique
408 2362 498 2412 ruinas
714 2360 781 2409 1100

38 2448 56 2484 a
68 2430 206 2496 solventes,
219 2430 314 2483 obeunt
327 2448 372 2497 per
385 2431 462 2481 inane
475 2429 642 2496 profundum,

38 2500 75 2552 ris
87 2505 119 2551 ut
132 2506 232 2568 puncto
244 2499 311 2549 nihil
323 2505 409 2550 exstet
420 2498 608 2565 relliquiarum,

38 2587 81 2623 um
94 2575 191 2638 praeter
204 2568 319 2635 spatium
331 2574 358 2619 et
370 2567 512 2635 primordia
524 2582 599 2617 oaeca.

38 2655 196 2707 mecumque
207 2637 281 2705 prius
293 2637 325 2688 de
336 2637 408 2705 parti
420 2652 527 2705 corporo
538 2635 614 2688 (lisso
