1928 2964
343 152 450 205 LIBER
468 151 629 216 QUINTUS.
832 155 902 208 ‘187

67 257 153 322 Quam
165 255 283 308 silvestre
295 272 378 320 genus
390 253 511 321 capiebat
523 254 722 319 terrigenarum.
834 259 901 306 1410

102 326 128 377 N
129 342 179 391 am,
193 324 262 394 quod
274 324 349 375 adest
361 331 463 390 praesto,
476 323 529 373 nisi
541 323 607 388 quid
617 323 785 388 cognovimus
798 330 860 376 anta

65 394 187 461 Suavius,
199 395 228 444 in
239 392 331 461 primis
343 392 430 459 placet
441 399 469 442 et
480 390 577 458 pollere
589 391 711 454 videtur;

66 461 247 530 Posteriorque
258 461 313 512 fere
324 461 415 512 melior
427 477 467 511 res
480 460 526 511 illa
537 465 642 526 reperta

67 531 158 582 Perdit
170 537 197 583 et
209 531 335 581 immutat
347 546 436 580 sensus
448 529 482 579 ad
494 529 606 596 pristina
618 545 736 596 quaeque.

66 599 109 651 Sic
121 599 211 650 odium
224 599 303 666 coepit
314 598 433 665 glandis;
452 598 488 649 sic
500 597 547 648 illa
559 597 652 649 relicta

65 667 155 720 Strata
167 667 263 719 oubilia
275 673 337 718 sunt
349 665 435 717 herbis
448 672 475 718 et
486 665 623 718 frondibus
634 670 718 719 aucta.

65 736 146 804 Pellis
158 737 223 787 item
235 736 336 801 cecidit,
348 735 427 786 vestis
440 740 590 802 contempta
600 734 693 800 ferina,

66 804 153 868 Quam
164 821 222 856 reor
233 804 333 856 invidia
344 804 394 855 tali
406 809 470 854 tuno
482 821 536 854 esse
548 809 686 870 repertam,

65 873 104 925 Ut
115 874 199 925 letum
211 873 320 938 insidiis,
333 872 379 940 qui
391 873 471 939 gessit
483 873 589 939 primus,
602 870 701 924 obiret:

65 941 102 993 Et
114 941 222 993 tandem
233 941 303 993 inter
315 958 357 992 eos
369 941 532 1006 distractum,
545 940 672 1006 sanguine
683 940 768 992 multo
833 944 899 993 1420

64 1009 114 1062 Dis
133 1010 246 1074 eriisse0,
257 1026 342 1076 noque
354 1009 382 1060 in
394 1009 511 1061 fructum
523 1015 672 1061 convertere
684 1010 777 1077 quisse.

160 1095 174 1130 o
185 1078 269 1146 igitur
280 1078 367 1146 pelles,
380 1084 444 1129 tuuc
456 1095 550 1130 aurum
562 1083 589 1128 et
601 1095 718 1145 purpura
730 1078 799 1129 ouris

64 1147 196 1199 Exercent
207 1147 343 1198 hominurn
355 1147 446 1212 vitam,
458 1144 579 1213 belloque
590 1147 712 1212 fatigant.

65 1216 125 1280 Quo
137 1216 222 1283 magis
234 1216 263 1266 in
275 1215 356 1282 nobis,
369 1221 399 1266 ut
412 1215 509 1283 opinor,
523 1215 601 1282 culpa
612 1215 715 1267 resedit.

64 1284 160 1352 Frigus
173 1284 244 1336 enim
255 1284 338 1336 nudos
352 1285 406 1335 sine
419 1283 530 1351 pellibus
543 1283 710 1335 excruciabat

64 1353 233 1420 Terrigenas:
252 1358 280 1403 at
292 1369 339 1404 nos
351 1353 389 1403 nil
402 1353 475 1403 laedit
487 1358 559 1403 veste
572 1368 658 1403 carere

63 1420 200 1489 Purpurea
212 1426 292 1488 atque
304 1438 367 1472 auro
380 1421 512 1488 signisque
524 1419 674 1488 ingentibus
686 1426 749 1489 apta
759 1440 766 1485 ;

63 1490 136 1542 Dum
166 1489 250 1542 lebeia
261 1496 351 1541 tamen
363 1490 405 1556 sit,
418 1507 475 1557 quse
488 1489 625 1541 defendere
637 1491 725 1557 possit.

63 1558 134 1626 Ilrgo
146 1507 283 1610 Hominum
294 1575 376 1625 genus
389 1559 520 1610 incassum
532 1559 681 1626 frustraque
693 1557 794 1612 laborat

64 1626 179 1707 Semper,
193 1632 220 1679 et
231 1627 260 1678 in
273 1627 342 1678 curis
355 1628 484 1679 consumit
496 1627 619 1678 inanibus
632 1645 718 1680 aevum
725 1647 733 1692 ;
830 1633 897 1682 1430

62 1694 204 1761 Nim1rum,
216 1696 277 1763 quia
289 1713 342 1746 uon
354 1696 482 1762 cognovit,
496 1712 554 1763 quae
566 1697 600 1747 sit
612 1695 726 1749 habendi

63 1763 145 1830 Finis,
158 1769 185 1815 et
198 1759 302 1816 omnino
314 1765 399 1832 quoad
411 1771 509 1816 oresoat
521 1781 582 1816 vera
594 1765 730 1833 voluptas:

63 1831 150 1900 quue
161 1833 314 1884 minutatim
326 1833 409 1885 vitam
421 1833 541 1900 provexit
553 1834 581 1883 in
594 1832 685 1899 altum,

62 1899 99 1953 Et
111 1900 174 1953 belli
184 1918 293 1968 magnos
305 1901 444 1953 commovit
455 1901 577 1952 funditus
589 1907 673 1953 aestus.

97 1969 135 2022 At
147 1970 239 2037 vigiles
250 1971 343 2021 mundi
354 1987 481 2037 magnum
493 1975 520 2021 et
532 1969 653 2021 versatile
665 1970 793 2038 templum

61 2037 107 2090 Sol
120 2044 147 2090 et
159 2038 222 2090 luna
234 2055 279 2090 suo
291 2039 433 2090 lustrantes
445 2038 545 2089 lumine
557 2038 655 2089 circum

61 2106 223 2158 Perdoouera
235 2105 360 2172 homines,
367 2124 501 2159 annorum
513 2113 631 2176 tempora
642 2108 718 2175 verti,

61 2175 97 2228 Et
110 2180 182 2227 certa
193 2175 294 2227 ratione
306 2176 362 2243 geri
373 2193 428 2227 rem
440 2181 520 2243 atquo
532 2177 622 2229 ordine
634 2183 711 2230 certo.

97 2243 117 2296 J
117 2261 160 2296 am
172 2243 266 2296 validis
279 2244 347 2312 septi
359 2244 489 2311 degebant
501 2244 618 2297 turribus
630 2263 723 2312 aevum,

61 2312 194 2364 Etdivisa
206 2312 339 2365 colebatur
350 2313 513 2381 discretaque
525 2314 611 2366 tellus.
829 2319 896 2367 1440
937 2334 940 2339 ·

60 2380 128 2433 Tum
139 2398 211 2434 mare
223 2381 340 2433 velivolis
352 2379 460 2433 florebat
490 2389 578 2450 ropter
590 2382 695 2433 odores:

59 2450 171 2502 Auxilia
182 2455 209 2502 et
222 2450 302 2502 socios
310 2451 368 2516 jam
379 2457 456 2519 pacto
468 2399 565 2502 Foedere
576 2449 722 2503 habebant:

62 2518 227 2570 Carminibus
240 2534 322 2586 quum
333 2535 374 2571 res
386 2526 471 2586 gestas
484 2536 583 2587 coepere
596 2524 678 2586 poetae

60 2586 173 2640 Tradere
183 2606 190 2651 ;
208 2604 256 2639 neo
267 2588 352 2639 multo
364 2587 431 2655 priu’
445 2594 506 2639 sunt
519 2588 648 2640 elementa
658 2603 768 2656 reperta.

371 2691 380 2710 ⁰
394 2686 525 2737 dispersim
540 2686 586 2726 Ma.
