1928 2964
76 155 129 208 214
389 150 417 206 Τ.
435 149 602 204 iudanon

76 253 217 319 Discutiat‚
229 268 309 321 prope
321 251 363 304 uti
374 251 447 303 locus
458 251 521 302 hinc
533 250 672 317 linquatur
684 247 781 315 inanis,

77 322 158 390 Cujus
170 321 216 373 ubi
227 339 242 374 e
254 321 359 389 regione
371 321 421 372 loci
433 336 527 372 venere
539 319 664 383 volantes,

77 391 214 443 Claudicat
226 389 359 458 extemplo
371 405 517 457 pennarum
529 388 601 439 nisus
613 387 709 454 inanis,

76 459 112 510 Ft
124 475 249 511 conamen
263 460 386 525 utrinque
398 458 499 508 alarum
511 457 632 525 proditur
644 473 727 509 omna

67 529 130 580 ,Hic
142 527 188 579 ubi
200 528 295 578 nictari
307 531 450 594 nequeunt,
462 526 632 592 insistereque
644 525 701 592 alis,

77 596 182 649 Scilicet
196 596 224 647 iu
237 602 334 647 terram
345 595 432 646 delabi
445 595 557 662 pondere
569 594 640 661 cogit

77 665 180 718 Natura
187 683 194 727 ;
212 670 239 716 et
251 681 364 716 vacuum
376 680 455 731 prope
464 666 521 731 jam
533 680 579 730 per
591 663 669 714 inane
677 664 797 730 jacentes

76 733 239 801 Disperguut
251 733 351 784 animas
364 750 410 800 per
422 732 510 784 caulas
522 732 634 800 corporis
647 748 743 784 omnes.
869 737 920 786 840

129 851 184 904 θην
203 869 273 922 aqua
290 852 323 904 ia
336 851 425 922 pateis
442 851 474 902 io
491 859 573 904 aetate
584 850 721 921 frigidior
737 851 773 905 ait
792 868 874 921 qaam

406 920 459 972 alio
471 929 587 989 tempore.

112 1005 241 1073 Frigidior
252 1022 327 1075 porro
339 1006 368 1057 in
380 1006 466 1074 puteis
479 1012 569 1058 aestate
580 1005 612 1058 fit
624 1006 725 1072 humor,

77 1072 195 1126 Rarescit
207 1076 269 1142 quia
281 1081 350 1127 terra
362 1075 453 1138 calore,
466 1081 493 1126 et
506 1075 605 1126 semina
617 1077 639 1127 si
651 1092 704 1143 qua

76 1142 154 1194 Forte
166 1144 269 1211 vaporis
281 1143 368 1212 babet,
380 1161 488 1212 propere
500 1144 612 1195 dimittit
624 1145 653 1196 in
665 1161 749 1198 auras.

77 1211 134 1274 Quo
146 1213 229 1279 magis
240 1218 278 1264 est
290 1213 373 1280 igitur
385 1213 464 1264 tellus
476 1213 554 1264 effeta
565 1213 657 1279 calore,

77 1279 122 1331 Fit
134 1297 237 1348 quoque
248 1282 374 1348 frigidior,
387 1282 473 1349 quiin
486 1288 555 1334 terra
567 1289 607 1347 est
618 1282 733 1347 abditus,
745 1282 847 1336 humor.

76 1348 183 1416 Frigore
196 1368 278 1418 quum
290 1351 418 1419 premitur
429 1368 503 1419 porro
515 1351 599 1402 omnis
611 1357 688 1417 terra,
700 1351 812 1419 coitque,

76 1417 112 1468 Ft
124 1419 199 1486 quasi
211 1420 353 1472 concrescit
359 1439 366 1482 ;
384 1420 415 1471 fit
428 1420 528 1472 scilicet
539 1421 568 1471 in
581 1420 704 1486 coeundo,

76 1486 216 1555 Fxprimat
227 1489 256 1541 in
267 1495 366 1557 puteos,
379 1489 401 1540 si
413 1506 490 1556 quem
501 1489 570 1556 gerit
582 1489 645 1558 ipsa,
658 1489 777 1543 calorem.

353 1603 394 1655 De
405 1603 482 1672 sonte
493 1603 639 1657 Ammonio.

110 1687 158 1739 Fst
170 1687 241 1756 apud
254 1686 387 1740 Ammonis
399 1689 492 1740 fanum
504 1689 564 1740 fons
576 1688 634 1740 luce
647 1688 743 1741 diurna

76 1755 205 1824 Frigidus,
218 1764 245 1808 et
257 1757 357 1809 calidus
369 1763 496 1809 nocturno
508 1763 625 1826 tempore
637 1759 734 1810 fertur:
866 1761 918 1812 850

76 1825 156 1877 Hunc
169 1825 286 1878 homines
298 1828 398 1878 fontem
410 1827 488 1878 nimis
500 1827 670 1892 admirantur,
684 1833 711 1879 et
722 1827 778 1880 acri

76 1893 134 1946 Sole
146 1901 243 1963 putant
257 1896 346 1948 subter
358 1903 440 1948 terras
452 1897 594 1948 fervescere
607 1897 713 1964 partim,

75 1963 100 2013 N
102 1981 135 2014 ox
149 1964 193 2014 ubi
206 1966 317 2016 terribili
330 1972 411 2016 terras
424 1965 536 2032 caligine
549 1965 631 2018 texit:

75 2031 150 2094 Quod
161 2033 249 2084 minus
261 2051 278 2084 a
289 2052 350 2086 vera
363 2040 402 2086 est
414 2034 490 2100 longe
502 2035 603 2086 ratione
615 2038 758 2086 remotum:

75 2100 178 2168 Quippe
192 2103 237 2153 ubi
249 2102 293 2168 sol,
305 2103 406 2154 nudum
419 2110 582 2156 contrectans
594 2121 685 2172 corpus
697 2105 785 2171 aquai,

73 2168 100 2219 N
100 2187 133 2220 ou
146 2171 242 2237 quierit
254 2172 368 2223 calidum
381 2189 474 2240 supera
487 2173 519 2224 de
530 2173 638 2224 reddere
650 2179 732 2240 parte,

74 2237 163 2301 Quum
175 2255 299 2308 superum
311 2240 400 2293 lumen
413 2247 488 2292 tanto
500 2241 600 2294 fervore
611 2243 731 2293 fruatur:

74 2307 128 2366 Qui
140 2315 219 2375 queat
231 2309 274 2360 hic
287 2310 375 2362 subter
387 2316 443 2362 tam
455 2327 539 2361 crasso
551 2327 655 2378 corpore
668 2316 766 2362 terram

74 2374 235 2443 Percoquere
248 2377 390 2446 humorem,
405 2386 432 2431 et
445 2379 529 2431 calido
542 2380 638 2431 sociare
651 2377 776 2447 vapore⁰l

72 2443 221 2497 Praesertim
234 2465 315 2514 quum
323 2447 369 2498 vix
382 2448 463 2515 possit·
476 2464 522 2514 per
534 2455 608 2515 septa
620 2449 757 2499 domorum
863 2452 915 2502 860

72 2512 209 2566 Insinuare
222 2532 299 2566 suum
311 2517 390 2567 radiis
403 2515 555 2568 ardentibus
568 2516 680 2568 aestuml

107 2584 170 2646 Quae
182 2584 250 2635 ratio
263 2591 301 2635 est
314 2583 414 2651 igitur?
445 2584 577 2634 Nimirum
589 2590 658 2636 terra
670 2586 754 2652 magis
766 2586 837 2653 quod

345 2673 354 2694 ⁰
369 2677 565 2720 sanareruperetn3
579 2669 628 2708 Me.
