1928 2964
76 157 111 208 28
388 158 417 210 ι’.
434 155 603 208 nuenarii

340 307 437 361 Contra
449 311 648 378 Anaxagoram.

111 405 189 458 Nunc
201 407 228 454 et
240 401 404 469 Anaxagora
417 411 565 454 scrutemur
578 399 790 453 homoeomeriam
866 403 917 452 830

68 473 164 537 'Quam
176 472 258 524 (lraeci
270 477 424 538 memorant,
436 488 485 522 nec
498 477 586 522 nostra
599 471 684 522 dicere
696 470 790 537 lingua

77 542 202 594 Concedit
214 540 288 593 nobis
300 541 380 608 patrii
393 541 517 591 sermonis
529 547 645 607 egestas:

77 610 128 664 Sed
140 617 229 662 tamen
241 609 326 678 ipsam
337 627 393 661 rem
404 608 483 660 facile
495 614 534 660 est
547 625 675 676 exponere
687 607 781 676 verbis,

76 679 248 747 Principium,
261 695 348 730 rerum
360 695 439 746 quam
452 678 517 728 dicit
529 677 747 729 homoeomeriam

78 748 141 801 Ossa
153 747 275 801 videlicet
287 764 302 799 e
314 747 440 814 pauxillis
453 752 532 867 atque
543 747 653 798 minutis

77 816 186 882 Ossibu’,
199 817 236 868 sic
248 822 275 868 et
287 816 320 868 de
331 816 456 896 pauxillis
469 822 550 882 atque
561 816 672 867 minutis

77 858 263 938 Visceribus
238 902 324 937 nscus
336 885 418 952 gigni,
432 900 601 964 sanguenque
613 885 703 951 creari,

77 953 219 1023 Sanguinis
231 954 301 1005 inter
313 970 339 1005 se
351 954 427 1006 mult'
408 960 442 1005 trs
454 955 550 1006 co'e'unt
539 953 603 1006 tibu’
616 971 653 1020 gu
654 954 716 1017 ttis;

77 1023 119 1076 Ex
131 1024 240 1090 aurique
252 1028 330 1091 putat
342 1023 417 1074 micis
430 1023 570 1074 consistere
581 1039 655 1091 posse

76 1092 186 1160 Aurum,
198 1097 225 1143 et
237 1092 270 1143 do
282 1092 357 1143 terris
370 1099 466 1143 terram
479 1109 641 1144 concrescere
654 1091 756 1158 parvis3
866 1096 917 1146 840

77 1161 187 1229 Ignibus
200 1178 234 1212 ex
245 1161 342 1227 ignem,
354 1160 490 1212 humorem
502 1178 535 1212 ex
548 1159 701 1213 humoribus
713 1178 781 1213 esse:

77 1230 168 1283 Cetera
181 1230 310 1282 consimili
322 1229 400 1297 fingit
412 1231 513 1281 ratione
514 1236 599 1298 ‚puta
600 1236 669 1297 t.que

76 1299 132 1352 Nec
144 1305 233 1351 tamen
245 1316 300 1351 esse
311 1299 367 1350 ulla
380 1305 439 1366 part
440 1316 454 1351 e
428 1271 556 1350 tidein
548 1316 577 1349 ιιι
588 1299 685 1350 rebus
678 1316 757 1351 mane

77 1368 208 1434 Concedit,
221 1384 306 1434 neque
319 1368 468 1435 corporibus
480 1367 559 1419 finem
572 1385 626 1419 esse
639 1368 771 1420 secandis:

77 1437 163 1500 Quare
175 1437 203 1488 in
215 1442 328 1504 utraque
339 1437 406 1487 mihi
418 1437 516 1504 pariter
528 1437 630 1488 ratione
642 1437 749 1489 videtur

76 1505 170 1558 Errare
181 1524 188 1569 ;
209 1510 288 1572 atque
300 1505 363 1556 viris
375 1505 427 1557 illis
440 1523 503 1573 quos
516 1505 631 1557 diximus
643 1512 713 1558 anto.

111 1574 195 1641 Adde,
207 1574 277 1641 quod
289 1574 420 1626 imbecilla
432 1575 510 1626 nimis
523 1575 665 1642 primordia
676 1574 770 1641 fingit;

76 1643 104 1696 si
116 1643 258 1712 primordia
270 1649 339 1710 sunt,
321 1644 432 1694 tsimili
444 1661 503 1711 quae
516 1644 626 1711 praedita
639 1649 760 1696 constant

76 1713 220 1765 Naturat
192 1718 220 1764 at
222 1728 272 1832 que
284 1684 347 1780 ipsaie
359 1730 400 1764 res
411 1718 489 1776 sunt;
508 1729 633 1780 aequeque
646 1712 773 1779 laborant,

75 1781 111 1834 Et
100 1787 242 1850 ttpereun
255 1798 340 1848 neque
352 1782 386 1833 ab
398 1782 478 1833 exitio
490 1799 531 1833 res
543 1781 599 1832 ulla
611 1781 740 1834 refraenat.
864 1785 915 1834 860

76 1849 146 1903 Nam
158 1850 242 1918 quid'
234 1867 262 1900 ιιι
275 1867 399 1918 oppressu
410 1851 498 1903 valido
510 1849 617 1902 durabit
629 1868 725 1918 eorum,

76 1918 114 1972 Ut
125 1926 236 1971 mortem
249 1919 365 1986 effugiat,
378 1918 425 1970 leti
438 1919 486 1970 sub
499 1918 622 1971 dentibus
634 1919 715 1987 ipsisl

76 1987 165 2055 Ignisl
175 1987 319 2040 anhumorl
328 1987 443 2040 anaural
452 1987 625 2056 quidhoruml
632 1987 790 2055 sanguisanl
798 1989 915 2042 anneosl

75 2057 129 2125 Nil,
141 2064 173 2109 ut
185 2057 283 2124 opinor,
295 2056 342 2108 ubi
354 2074 387 2108 ex
401 2074 474 2125 aequo
487 2075 527 2109 res
539 2056 660 2109 funditus
673 2058 757 2109 omnis

76 2127 141 2179 'llam
152 2125 270 2178 mortalis
282 2126 332 2176 erit
333 2143 431 2193 ,quam
443 2143 500 2207 quae
512 2126 636 2178 manifest
625 2133 653 2178 ta
665 2126 785 2179 videmus

75 2194 118 2248 Ex
130 2195 212 2247 oeulis
223 2195 319 2246 nostris
331 2195 456 2262 aliqua
432 2213 459 2247 vr
471 2196 541 2247 victa
553 2196 645 2263 perire

75 2264 113 2316 At
125 2281 209 2332 neque
220 2264 339 2315 recedere
352 2264 386 2315 ad
398 2264 512 2315 nihilum
524 2281 568 2318 res
577 2281 658 2332 posse,
670 2281 756 2333 neque
768 2269 859 2317 autem

76 2332 194 2386 Crescere
206 2332 238 2384 de
250 2332 341 2411 nihilo,
355 2338 406 2384 test
395 2339 435 2384 tor
447 2351 487 2384 res
499 2339 562 2385 ante
574 2332 703 2400 probatas.

109 2402 180 2454 Praet
169 2409 247 2469 terea,
260 2401 384 2470 quoniam
396 2401 470 2453 cibus
482 2409 564 2469 auget
575 2419 669 2470 corpus
681 2373 790 2470 alitque,

75 2470 147 2523 Scire
158 2472 227 2537 licet,
240 2471 313 2523 nobis
326 2488 405 2522 venas
418 2476 444 2522 et
457 2488 574 2538 sanguen
587 2478 613 2523 et
626 2488 689 2537 ossa,
862 2475 913 2525 860

74 2539 111 2592 Et
123 2557 215 2592 nervos
227 2540 381 2606 alienigenis
394 2559 427 2591 ex
439 2540 557 2607 partibus
570 2557 638 2603 esse3

75 2608 136 2661 Sive
148 2608 217 2660 cibos
230 2626 318 2660 omnes
330 2609 456 2660 commixt
458 2626 472 2660 o
485 2626 590 2677 corpore
602 2609 691 2660 dicent

62 2677 138 2739 Eua
153 2683 183 2728 et
191 2676 332 2730 haberem
344 2695 372 2731 se
384 2695 524 2731 nervorum
536 2695 643 2746 corpora
655 2694 743 2746 parva,
