1964 2970
93 156 145 206 122
379 112 386 133 '
406 150 435 228 n,
453 149 620 203 nucannu

92 257 145 310 cur
156 273 194 323 ea,
207 273 265 324 quae
276 255 376 307 meunt
384 255 485 323 juxtim
497 255 632 326 quadrata,
643 252 736 322 procul
748 253 804 305 sint

92 326 156 378 Visa
167 325 297 389 rotunda3
315 330 404 377 tomen
416 330 523 392 praestat
535 324 643 376 rationis
655 328 777 390 egentem

92 395 210 447 Reddere
221 394 342 445 mendose
355 410 445 445 causas
457 393 593 460 utriusque
604 392 702 460 figurae,

93 465 178 528 Quam
190 463 311 516 manibus
322 463 462 514 manifesta
473 462 527 513 suis
539 462 659 513 emittere
671 476 821 529 quoquam3

91 532 128 584 Et
139 533 236 584 violare
248 532 327 583 fidem
339 531 458 599 primam,
471 535 498 582 et
510 530 654 582 convellere
666 536 723 583 tota

92 601 283 666 Fundamenta,
296 601 389 668 quibus
401 600 510 651 nixatur
521 599 584 666 vite,
596 599 725 667 salusque.

91 670 118 722 N
118 688 152 722 on
163 670 239 721 modo
251 669 322 721 enim
333 669 401 720 ratio
411 675 472 725 ruat
483 669 575 734 omnis,
587 669 643 720 vita
655 685 758 736 quoque
769 667 830 736 ipse

92 738 218 790 Concidet
230 737 369 806 extemplo,
382 738 434 788 nisi
446 737 678 789 credere-sensibus
690 737 768 804 ausis,

92 806 294 876 Praecipitesque
306 807 374 858 locos
386 807 477 874 vitare,
490 813 517 858 et
529 812 622 872 cetera,
635 823 694 875 quse
707 807 761 858 sint
881 809 932 858 510

92 876 126 928 In
137 893 231 943 genere
243 876 291 928 hoc
303 875 443 943 fugienda3
462 875 541 943 sequi,
554 876 684 927 contraria
695 890 754 943 quae
766 873 828 929 sint

93 945 144 997 Illa
155 944 205 997 tibi
217 953 256 997 est
268 945 351 1011 igitur
363 944 501 996 verborum
512 943 587 1011 copia
598 961 671 996 cassa

93 1014 191 1082 Omnis,
203 1031 261 1082 quae
273 1019 365 1066 contra
376 1030 465 1065 sensus
476 1013 614 1080 instructa,
625 1017 719 1082 perata
730 1017 778 1066 eet.

403 1141 444 1194 De
449 1141 522 1212 sabao
534 1159 617 1195 senaa
943 1163 960 1195 ο

127 1236 254 1305 Denique,
265 1241 298 1288 ut
309 1235 338 1287 in
349 1234 456 1302 fabrica,
468 1235 490 1286 si
502 1251 584 1303 prava
596 1236 654 1287 est‘1
665 1234 758 1303 regula
768 1235 863 1305 prima,

92 1305 118 1357 N
119 1322 242 1372 ormaque
255 1306 276 1356 si
287 1304 371 1357 fallax
380 1305 458 1356 rectis
469 1302 618 1371 regionibus
630 1304 694 1372 exit,

92 1373 127 1425 Et
139 1374 228 1426 libella
239 1374 326 1442 aliquo
339 1374 360 1425 si
372 1391 405 1425 ex
416 1374 487 1442 parti
499 1373 630 1425 claudicat
641 1373 745 1438 hilum;

93 1442 188 1494 Omnia
199 1443 321 1495 mendose
332 1443 388 1494 fieri
400 1450 479 1511 atque
491 1441 600 1510 obstipa,
612 1459 748 1495 necessum
759 1447 807 1510 est,

92 1511 184 1578 Prava,
197 1510 327 1578 cubantia,
340 1529 429 1580 prona,
442 1511 542 1579 supina,
555 1518 634 1579 atque
646 1510 743 1564 absona
755 1518 841 1578 tecta3

92 1580 112 1632 J
113 1597 156 1631 am
167 1597 242 1632 ruere
255 1587 285 1633 ut
297 1581 417 1648 quaedam
428 1580 568 1633 videantur
580 1580 653 1647 velle,
666 1586 806 1650 ruantque,

93 1649 202 1700 Prodita
210 1650 318 1717 judiciis
330 1650 469 1702 fallacibus
482 1650 570 1701 omnia
581 1650 678 1718 primis.
882 1654 933 1705 520

93 1717 136 1768 Sic
147 1717 229 1783 igitur
240 1720 307 1771 ratio
319 1719 368 1770 tibi
380 1736 467 1772 rerum
479 1736 560 1787 prava
572 1736 675 1771 necesse
686 1724 726 1771 est

93 1784 221 1854 Falsaque
233 1788 274 1854 sit,
287 1789 360 1840 falsis
373 1805 542 1857 quaecumque
554 1786 588 1839 ab
600 1788 716 1840 sensibus
729 1792 786 1840 orta
798 1795 845 1843 est.

127 1855 205 1907 Nunc
217 1856 263 1908 alii
275 1875 364 1909 sensus
376 1875 425 1926 quo
437 1864 514 1925 pacto
526 1858 635 1925 quisque
647 1874 722 1909 suam
732 1874 788 1909 rem

93 1923 203 1992 Sentiat,
215 1925 419 1994 haudquaquam
430 1926 498 1977 ratio
510 1943 631 1994 scruposa
642 1925 735 1978 relicta
746 1932 792 1979 est.

435 2060 476 2113 De
486 2061 590 2115 auditu.

128 2157 268 2227 Principi0,
281 2157 388 2210 auditur
400 2175 485 2226 sonus,
497 2163 524 2211 et
536 2176 588 2211 vox
599 2158 690 2225 omnis,
702 2158 731 2211 in
743 2175 820 2212 aures

95 2228 233 2280 Insinuata
245 2244 291 2279 suo
302 2227 425 2297 pepulere
437 2227 484 2279 ubi
496 2245 600 2296 corpore
612 2245 723 2281 sensum

355 2354 509 2428 Corporeum
520 2375 569 2410 esse
580 2375 670 2410 vocem.

94 2452 246 2520 Corpoream
259 2470 360 2521 quoque
372 2453 442 2504 enim
453 2469 544 2504 vocem
556 2428 673 2504 coiretare
684 2451 824 2504 fatendum
836 2459 885 2520 est,

86 2521 128 2572 Et
136 2522 252 2574 sonitum
257 2541 268 2587 ,·
286 2523 411 2592 quoniam
423 2527 531 2591 possunt
542 2520 675 2588 impellere
688 2537 783 2574 sensus.

69 2587 221 2656 Propterea
232 2594 308 2649 radit
322 2612 375 2650 vox
387 2594 480 2649 fauces
494 2608 572 2662 saepe,
582 2590 703 2662 facitque

398 2681 410 2712 Δ
424 2684 535 2735 teleusin
550 2682 602 2727 MS.
