1928 2964
172 152 281 209 LIBER
298 153 488 208 SECUNDUS.
720 155 754 207 40

36 274 71 311 n:
89 256 191 326 qnarei
209 257 261 309 nisi
271 256 380 309 luminis
391 256 439 307 illa
449 255 553 307 minora
701 256 754 307 309

37 333 106 396 sunt,
114 343 196 395 quam
205 326 238 378 de
251 326 345 395 quibus
355 330 395 378 est
406 323 511 394 liquork
520 323 606 377 almus
619 339 753 392 aquarum.

273 442 314 495 De
329 441 395 495 eaelo.

36 536 115 591 amris
128 536 213 590 subito
224 554 272 606 per
283 536 370 588 colum
382 536 445 588 vina
457 533 577 587 videmus

36 624 53 674 a,
66 611 95 658 at
107 611 199 658 contra
210 605 316 658 tardum
328 610 468 656 cunctatur
480 605 593 658 olivum:

36 695 45 728 ι
56 675 183 727 nimirum
193 674 338 743 majoribus
350 679 390 725 est
402 673 546 740 elementis,

36 744 67 810 ‚n‘s
79 743 194 796 hamatis
206 744 275 796 inter
288 761 314 795 se
326 759 424 810 perque
435 742 540 810 plicatis
551 761 558 805 ;

36 814 75 864 leo
86 812 126 878 fit,
137 813 178 864 uti
190 829 244 864 non
256 818 312 864 tam
324 812 438 863 deducta
449 816 556 879 repente

40 881 141 950 possint
153 880 295 950 primordia
308 880 412 948 singula
425 897 535 948 qnaeque

39 967 86 1019 per
98 952 223 1019 cujusque
235 950 364 1005 foramina
375 965 536 1017 permanare.

37 1019 133 1084 coedit,
146 1020 187 1070 uti
199 1019 284 1070 mellis
297 1018 425 1085 lactisque
437 1018 549 1085 liquores

37 1109 40 1136 ι
52 1105 130 1140 sensu
141 1088 240 1155 linguae
252 1093 401 1139 tractentur
412 1087 440 1138 in
452 1104 511 1150 orc;

37 1174 57 1209 a
68 1162 138 1208 tetra
149 1157 265 1208 absinthi
277 1163 373 1208 natura
384 1156 486 1224 ferique
706 1157 757 1206 400

37 1225 43 1277 i
54 1225 124 1277 foedo
135 1231 305 1294 pertorquent
317 1242 362 1277 ora
374 1242 477 1293 sapore:

37 1311 45 1347 a
57 1311 188 1362 agnoscas,
200 1311 215 1346 e
227 1295 336 1346 laevibus
348 1300 428 1362 atque
439 1294 559 1346 rotundis

44 1380 103 1431 quae
116 1380 205 1415 sensus
212 1363 331 1432 jucunde
343 1369 451 1430 tangere
463 1367 584 1432 possunt:

37 1449 65 1499 a,
95 1449 135 1484 uae
148 1449 237 1484 amara
249 1439 329 1500 atque
342 1450 433 1500 aspera
445 1449 556 1500 cumque
568 1431 698 1499 videntur,

37 1503 81 1570 gis
112 1502 206 1554 amatis
218 1503 288 1554 inter
300 1519 327 1552 se
339 1519 408 1553 nexa
420 1501 516 1560 teneri;

37 1587 113 1638 saque
126 1571 205 1622 solere
218 1571 274 1622 vias
287 1570 432 1623 rescindere
444 1570 539 1622 nostris

37 1657 49 1706 ι,
62 1639 224 1707 introituque
236 1657 282 1692 suo
294 1657 461 1708 perrumpere
474 1656 573 1708 corpus.

37 1725 50 1760 a
61 1714 191 1790 postremo
203 1707 271 1760 bona
284 1709 408 1775 sensibus,
422 1714 448 1760 et
459 1709 530 1760 mala
542 1714 625 1776 tactu,

37 1777 48 1829 i
59 1783 130 1829 mter
141 1795 168 1829 se
179 1784 302 1846 pugnant
314 1778 430 1846 perfecta
441 1778 540 1845 figura:

37 1852 82 1898 arte
93 1852 171 1915 putes
183 1864 259 1898 serrae
272 1847 407 1899 stridentis
420 1846 543 1898 acerbum
707 1850 758 1899 410

37 1933 61 1967 m
74 1922 191 1968 constare
203 1916 338 1967 elementis
350 1916 459 1968 laevibus
471 1932 551 1985 aeque,

37 2001 70 2037 aa
80 1985 154 2048 mele,
167 2002 214 2053 per
226 1985 335 2038 chordas
348 1986 464 2053 organici
477 2002 536 2053 quae

37 2071 64 2106 us
76 2053 167 2121 digitis
179 2055 365 2122 expergefacta
376 2054 499 2122 figurant.

37 2122 73 2174 dli
85 2128 221 2191 penetrare
233 2130 310 2191 putes
322 2124 465 2192 primordia
476 2125 561 2178 forma

37 2209 41 2243 ι
53 2190 198 2258 hominum,
212 2210 293 2260 quum
304 2199 374 2244 tetra
385 2193 512 2246 cadavera
525 2198 632 2260 torrent,

37 2277 52 2312 n
64 2277 141 2312 scena
153 2279 225 2313 croco
235 2261 310 2313 cilici
321 2263 427 2330 perfusa
438 2280 527 2315 recens
539 2270 586 2330 est,

38 2328 181 2382 Panchaeos
193 2330 301 2382 exhalat
313 2336 419 2399 propter
431 2332 536 2385 odores:

38 2415 86 2451 nos
97 2417 186 2451 rerum
198 2400 278 2451 simili
290 2408 408 2452 constare
421 2402 517 2453 coleres

38 2469 189 2534 constituas,
202 2469 288 2520 oeulos
302 2471 348 2537 qui
360 2487 464 2538 pascere
477 2474 593 2537 possunt,

38 2538 311 2607 mangenarum,
324 2539 539 2606 lachrymareqne
551 2544 663 2606 cogunt:
710 2543 762 2593 420

38 2624 57 2661 a
69 2607 156 2676 specie
168 2607 246 2657 tetril
257 2612 397 2676 turpesque
409 2606 539 2659 ridentur.
688 2613 690 2618 '

42 2705 140 2756 liquosns
149 2702 211 2741 limus
216 2715 224 2751 ,·
237 2703 285 2743 ΜΕ.
520 2698 529 2730 ¹
542 2704 583 2758 qni
590 2705 660 2755 sitdiu
669 2706 725 2749 tiu.

329 2776 348 2815 Ε
