1928 2964
339 122 448 176 LIBER
466 122 604 176 SEXTUS.
840 126 889 175 201

53 226 112 294 Gur,
125 225 221 294 quibus
233 224 370 277 incautum
383 225 467 277 scelus
479 224 622 277 aversabile
635 239 746 291 cumque
758 228 805 291 est,
841 226 892 275 390

52 295 78 347 N
78 313 112 347 on
124 295 235 360 faciunt,
247 295 294 346 icti
305 294 423 346 flammas
435 303 467 346 ut
478 293 590 359 fulguris
602 292 694 343 halent

53 363 162 416 Pectore
174 363 281 430 perfixo,
293 363 421 414 documen
434 361 587 414 mortalibus
599 359 675 412 acrel

54 431 90 484 Et
102 432 191 500 potius
202 431 284 483 nullae
297 431 346 482 sibi
358 431 442 498 turpis
455 431 571 482 conscius
583 430 612 480 in
624 447 652 480 re

54 499 177 552 Volvitur
188 501 217 551 in
229 499 344 551 flammis
353 500 483 564 innoxius,
497 500 576 566 inque
588 498 701 566 peditur,
766 541 770 548 .

55 568 169 621 Turbine
181 568 280 620 coelesti
292 567 378 620 subito
390 574 523 635 correptus
536 572 563 619 et
574 566 649 634 ignil

89 638 142 690 Gur
153 637 234 689 etiam
245 636 302 688 loca
314 637 368 688 sola
378 643 482 705 petunt,
495 637 644 703 frustraque
656 635 794 688 laborantl

55 705 97 757 An
108 712 169 757 tum
180 705 287 757 brachia
299 711 478 770 consuescunt,
490 705 649 770 firmantque
661 704 789 757 lacertosi

55 774 88 826 In
101 781 171 826 terra
189 791 222 827 ue
233 775 316 842 patris
328 791 375 825 cur
386 774 470 825 telum
482 773 666 842 perpetiuntur

56 791 191 895 Obtundil
209 859 257 894 cur
268 843 324 911 ipse
336 843 406 908 sinit,
418 860 503 910 neque
515 842 599 911 parcit
611 842 640 892 in
651 841 756 893 hostesl

90 912 217 979 Denique,
229 928 277 962 cur
288 928 422 978 nunquam
435 911 498 963 coelo
507 911 575 978 jacit
586 911 703 977 undique
715 927 782 977 puro
843 914 894 963 400

56 980 165 1048 Jupiter
176 981 205 1031 in
217 986 299 1033 terras
310 980 420 1046 fulmen,
433 981 584 1046 sonitusque
596 979 749 1046 profundit?

56 1049 98 1101 An
111 1049 190 1100 simul
201 1065 233 1100 ac
244 1048 327 1101 nubes
339 1066 490 1115 successere,
502 1049 574 1116 ipsus
585 1048 615 1098 in
627 1055 721 1099 aestum

55 1117 205 1184 Descendit,
217 1134 297 1186 prope
308 1124 340 1170 ut
351 1118 414 1170 hinc
425 1117 473 1169 teli
485 1117 642 1169 determinet
654 1117 739 1169 ictusl

56 1186 90 1238 In
101 1203 238 1254 marequa
250 1202 324 1254 porro
335 1187 420 1238 mittit
432 1185 550 1238 rationel
569 1185 633 1253 quid
645 1185 730 1237 undas

57 1256 154 1322 Arguit
166 1262 194 1307 et
204 1254 332 1323 liquidam
343 1255 438 1307 molem
450 1271 606 1335 camposque
618 1253 756 1307 natantesl

91 1323 230 1390 Praeterea,
243 1324 265 1375 si
276 1324 335 1376 vult
347 1341 485 1376 caveamus
496 1324 616 1375 fulmrnis
627 1323 718 1389 ictum,

57 1393 110 1444 (lur
121 1392 227 1445 dubitat
238 1393 331 1459 facere,
343 1398 374 1444 ut
386 1393 514 1461 possimus
526 1409 629 1444 cernere
640 1391 767 1444 missuml

57 1461 86 1513 Si
97 1479 147 1513 nec
159 1462 296 1529 opinantes
308 1467 397 1513 autem
409 1461 468 1513 vult
479 1461 624 1530 opprimere
636 1461 700 1528 igni,

58 1530 111 1582 Gur
122 1536 198 1582 tonat
210 1546 243 1581 ex
255 1530 302 1582 illa
313 1537 395 1598 parte,
407 1536 439 1581 ut
451 1531 534 1582 vitare
546 1529 691 1598 queamus?

58 1599 111 1651 Gur
121 1597 241 1651 tenebras
253 1605 316 1651 ante
327 1605 354 1651 et
365 1599 486 1651 fremitus
498 1606 526 1652 et
536 1617 672 1652 murmura
684 1599 787 1653 concitl
844 1603 896 1651 410

92 1667 128 1720 Ilt
140 1667 219 1718 simul
230 1668 259 1719 in
270 1667 368 1720 multas
379 1673 466 1736 partes
478 1668 525 1736 qui
537 1669 641 1721 credere
654 1669 734 1737 possis

58 1735 185 1788 Mitteret
204 1753 238 1788 an
250 1736 299 1788 hoc
310 1737 380 1788 ausis
392 1753 528 1804 nunquam
541 1738 697 1789 contendere
708 1738 817 1804 factum,

58 1806 96 1857 Ut
107 1805 200 1857 fierent
211 1805 281 1857 ictus
293 1822 344 1856 uno
357 1805 405 1857 sub
416 1812 532 1873 tempore
544 1805 648 1872 plures'l

58 1873 95 1925 At
107 1891 175 1942 saepe
187 1879 227 1925 cst
238 1891 346 1925 numero
357 1874 466 1938 factum,
477 1874 585 1940 fierique
597 1890 700 1925 necesse
712 1879 759 1940 est,

58 1942 96 1994 Ut
107 1942 198 2010 pluere
210 1942 239 1993 in
250 1942 342 1994 multis
353 1941 501 2010 regionibus
513 1948 540 2005 et
552 1943 643 1994 cadere
655 1942 757 2009 imbres,

58 2010 183 2063 Fulmina
195 2012 232 2063 sic
244 2028 297 2063 uno
308 2012 364 2062 fieri
377 2011 425 2063 sub
437 2017 552 2079 tempore
563 2011 655 2063 multe.

93 2080 236 2143 Postremo,
249 2097 295 2132 eur
306 2086 397 2132 sancta
409 2078 488 2131 desim
500 2080 610 2132 delubra
621 2096 733 2148 suasque

57 2148 176 2200 Discutit
187 2149 282 2200 infesto
295 2149 431 2216 praeclaras
442 2148 554 2201 fulmine
566 2150 645 2215 sedes,

59 2217 95 2270 Ilt
106 2218 173 2269 bene
184 2217 256 2270 iacta
268 2217 348 2269 defim
360 2217 461 2283 frangit
472 2218 620 2284 simulacra,
632 2218 739 2286 suisque

35 2333 40 2341 .
58 2286 149 2338 Demit
160 2285 319 2354 imaginibus
330 2286 445 2338 violento
457 2286 564 2339 vulnere
575 2286 717 2338 honoreml
844 2288 898 2338 420

59 2354 173 2422 Altaque
186 2371 233 2406 cur
245 2355 398 2423 plerumque
410 2355 479 2422 petit
490 2354 563 2408 local
581 2355 697 2423 plurima
709 2371 761 2422 quo
773 2354 833 2423 plus

59 2423 196 2476 Montibus
207 2424 236 2475 in
248 2424 356 2475 summis
368 2423 480 2490 vestigia
492 2424 621 2475 cernimus
633 2423 719 2491 ignisl

94 2492 169 2556 Quod
181 2499 304 2560 superest,
316 2492 394 2543 facile
406 2499 491 2544 estex
503 2492 544 2543 his
557 2509 708 2560 cognoscere
719 2490 804 2560 rebus,

60 2563 200 2623 Πρηστῆραε
213 2562 284 2614 Graii
297 2578 361 2628 quos
373 2560 406 2613 ab
417 2577 446 2612 re
457 2561 663 2624 nominatarum,

60 2631 93 2684 In
105 2647 177 2683 mare
189 2647 241 2699 qua
252 2630 325 2682 missi
337 2629 446 2682 veniant
456 2630 558 2683 ratione
570 2646 689 2698 superne.
