1964 2970
99 146 151 196 ιιι
229 140 257 194 r.
270 138 436 194 nuounrn
454 138 562 191 mser
580 99 749 202 ouranos.

99 243 240 323 Crassaque
253 241 410 295 conveniant
421 240 536 308 liquidis,
549 246 576 292 et
588 239 689 307 liquida
701 239 800 291 crassis.

100 312 188 379 Atque
200 329 229 362 ιιι
240 328 270 363 eo
282 311 369 376 refert,
382 327 433 378 quo
445 310 519 362 victu
531 310 587 362 vita
599 310 714 360 colatur:

98 380 219 448 Namque
232 380 290 432 aliis
301 379 377 431 rebus
390 384 560 430 concrescunt
572 378 671 429 semina
682 376 813 444 membris,

99 449 186 517 Atque
199 449 257 500 aliis
270 454 448 500 extenuantur
459 447 601 513 tabentque
613 446 735 499 vicissim.

99 517 135 569 Et
147 517 241 586 quibus
252 518 310 584 ipsa
321 517 404 568 modis
416 521 545 567 tractetur
557 515 654 567 blanda
666 514 797 582 voluptas,

100 586 132 637 Id
145 603 245 654 quoque
257 585 393 653 permagni
404 585 499 636 refert:
518 601 580 635 nam
591 600 662 635 more
674 583 797 650 ferarum,
869 586 934 636 1260

100 654 356 722 Quadrupedumque
368 653 452 721 magis
464 653 527 719 ritu,
539 653 694 720 plerumque
706 658 838 720 putantur

99 723 239 790 Concipere
251 740 352 787 uxores,
365 723 427 790 quia
439 722 475 773 sic
488 721 544 773 loca
556 738 656 772 sumere
668 727 779 788 possunt

98 791 250 843 Pectoribus
262 791 361 859 positis,
374 790 483 842 sublatis
495 790 594 842 semina
606 789 709 842 lumbis.

99 860 126 911 N
126 877 155 911 ec
167 860 257 912 molles
270 861 330 928 opu’
344 864 407 910 sunt
418 865 505 910 motus
517 858 642 910 uxoribus
654 859 754 911 hilum:

98 927 168 980 Nam
179 929 274 980 mulier
285 928 406 996 prohibet
418 945 445 980 se
457 928 599 995 concipere,
612 933 691 994 atque
702 933 842 996 repugnat,

100 997 226 1049 Glunibus
237 997 295 1064 ipsa
306 997 356 1049 viri
369 996 497 1048 Venerem
509 997 531 1047 si
543 997 605 1047 loeta
616 1001 749 1064 retractet,

99 1065 187 1133 Atque
199 1071 317 1118 exossato
329 1065 381 1116 ciet
393 1066 464 1117 omni
476 1071 580 1132 pectore
591 1064 696 1118 fluctus.

98 1134 168 1186 Eicit
181 1135 250 1186 enim
263 1135 328 1186 sulci
339 1139 411 1186 recta
422 1134 527 1200 regione
539 1134 635 1201 viaque

99 1203 224 1269 Vomeris,
237 1209 316 1271 atque
327 1203 390 1254 locis
402 1203 499 1255 avertit
511 1203 616 1255 seminis
628 1203 718 1256 ictum

99 1271 181 1341 quue
193 1290 241 1325 sua
252 1289 331 1324 causa
343 1276 500 1323 consuerunt
513 1277 598 1324 scorta
609 1273 715 1339 moveri,
868 1275 934 1327 1270

98 1341 124 1393 N
125 1359 139 1393 e
151 1342 342 1409 complerentur
353 1340 448 1407 crebro,
461 1341 626 1408 gravidaeque
634 1343 761 1408 jacerent,

98 1409 134 1462 Et
147 1410 223 1461 simul
235 1410 292 1477 ipsa
303 1410 366 1462 viris
379 1409 468 1460 Venus
481 1416 512 1461 ut
524 1410 674 1461 concinnior
685 1415 765 1463 esset:

98 1479 257 1546 conjugibus
271 1479 340 1544 quod
351 1478 390 1529 nil
402 1478 497 1530 nostris
510 1496 573 1546 opus
585 1496 639 1530 esse
649 1479 760 1532 videtur.

132 1548 158 1600 N
159 1565 187 1599 eo
199 1547 325 1600 divinitus
337 1547 469 1599 interdum
477 1547 636 1615 Venerisque
648 1548 752 1615 sagittis

98 1615 231 1668 Deteriore
243 1617 274 1668 fit
286 1622 317 1668 ut
328 1616 412 1668 forma
424 1616 579 1668 muliercula
591 1622 699 1669 ametur.

98 1685 168 1736 Nam
179 1685 245 1737 facit
256 1686 314 1752 ipsa
327 1685 380 1735 suis
392 1685 525 1736 interdum
537 1685 636 1737 femina
645 1685 731 1753 factis,

99 1753 286 1821 Morigerisque
298 1754 380 1805 modis
393 1759 421 1805 et
432 1755 530 1805 mundo
543 1771 648 1822 corpore
660 1753 739 1822 culta,

102 1823 136 1874 Ut
147 1823 224 1874 facile
236 1823 367 1874 insuescat
380 1839 466 1875 secum
479 1823 519 1874 vir
531 1823 624 1890 degere
636 1824 726 1876 vitem.

134 1891 208 1955 Quod
221 1897 342 1959 superest,
355 1891 515 1944 consuetudo
527 1892 667 1944 concinnat
678 1910 799 1946 amorem.

98 1959 167 2011 Nam
178 1960 271 2013 leviter
282 1961 407 2027 quamvis,
420 1961 489 2028 quod
502 1961 590 2013 crebro
602 1962 725 2013 tunditur
736 1962 800 2029 ictu,
867 1968 936 2019 1280

99 2029 221 2081 Vincitur
233 2029 261 2079 in
273 2028 350 2095 longo
364 2030 447 2097 spatio
459 2035 555 2097 tamen,
567 2037 648 2097 atque
659 2029 776 2084 labascit.
803 2064 807 2070 -

98 2098 190 2150 Nonne
203 2097 281 2163 vides,
294 2098 373 2148 etiam
386 2103 475 2164 guttas
487 2100 515 2150 in
528 2117 592 2151 saxa
604 2100 725 2152 cadentes

99 2167 223 2219 Humoris
235 2166 312 2234 longo
324 2167 352 2216 in
364 2167 448 2235 spatio
460 2168 619 2235 pertundere
631 2168 711 2221 sarai
