1928 2964
292 184 295 192 ,
315 121 321 133 ’
353 143 462 197 smus
479 143 640 208 curreres.
865 148 915 198 1se

77 241 275 310 Nequidquam:
294 243 417 310 quoniam
430 243 538 295 cedebat
550 244 621 296 victa
632 247 756 312 potestas,
850 245 916 297 1270

76 311 133 364 Nec
145 316 267 380 poterent
279 312 377 379 pariter
388 312 485 363 durum
497 312 605 364 sufferre
616 312 739 365 laborem.

76 379 147 432 Nam
158 379 210 431 fuit
222 379 250 431 in
262 380 346 447 pretio
358 380 442 447 magis
454 398 496 446 aes,
509 397 655 448 aurumque
663 380 769 448 jacebat

77 447 189 517 Propter
201 447 374 500 inutilitatem
386 447 474 500 hebeti
485 466 609 501 mucrone
620 454 752 502 retusum:

76 516 157 568 Nunc
165 518 237 583 jacet
250 533 292 582 aes,
305 534 399 568 aurum
411 517 440 567 in
452 534 584 569 summum
597 518 721 570 successit
733 519 872 572 honorem:

78 583 123 637 Sic
135 585 264 637 volvenda
275 590 339 637 setas
352 591 496 637 commutat
507 591 624 655 tempora
635 603 737 650 rerum;

78 652 155 716 Quod
165 653 218 705 fuit
229 653 258 704 in
270 655 362 720 pretio,
373 653 405 705 fit
417 654 490 706 nullo
502 654 615 722 denique
626 655 739 718 honore;

78 720 160 773 Porro
172 721 245 773 aliud
257 722 381 787 succedit,
394 728 421 774 et
432 739 447 773 e
459 723 651 792 contemptibus
663 724 727 791 exit,

79 789 163 857 Inque
175 789 230 841 dies
241 790 325 856 magis
337 790 479 858 appetitur,
492 790 617 860 floretque
629 799 763 859 repertum

78 858 220 925 laudibus,
232 864 259 911 et
270 859 336 911 miro
349 866 388 911 est
400 859 522 911 mortales
534 860 604 912 inter
615 860 720 914 honore.

228 977 451 1045 Quemadmodum
456 978 565 1049 sermm
576 979 712 1032 incentum
723 979 765 1034 sit.

114 1061 193 1114 Nunc
204 1062 254 1114 tibi
267 1081 318 1131 quo
330 1068 407 1132 pecto
418 1063 481 1115 ferri
493 1069 588 1116 nature
600 1067 704 1132 reperta
849 1066 916 1115 1280

80 1129 130 1197 sie,
141 1131 219 1184 facile
231 1137 270 1184 est
282 1133 369 1200 ipsum
381 1150 427 1199 per
439 1138 465 1184 tc
478 1149 637 1200 cognoscere,
651 1130 767 1184 Memmi.

79 1200 162 1251 Arma
173 1201 283 1268 antiqua
294 1217 393 1266 manus,
406 1218 508 1267 ungues
520 1201 662 1269 dentesque
673 1200 789 1265 fuerunt,

79 1267 116 1320 Et
128 1268 236 1336 lapides,
248 1274 275 1321 et
287 1269 359 1335 item,
371 1269 496 1321 silvarum
507 1270 645 1337 fragmina,
657 1269 738 1331 rami;

79 1336 115 1388 Et
127 1336 233 1389 flamma
245 1343 324 1406 atque
336 1338 409 1405 ignes
418 1343 557 1406 postquam
569 1344 632 1390 sunt
643 1337 748 1404 cognita
759 1336 890 1404 primum:

80 1405 215 1457 Posterius
227 1407 290 1458 ferri
302 1407 341 1458 vis
353 1412 393 1458 est
405 1407 514 1474 aerisque
525 1412 642 1474 reperta:

81 1472 117 1526 m
130 1474 201 1542 prior
212 1475 270 1526 aeris
281 1480 345 1540 erat,
358 1492 438 1542 quam
449 1475 519 1541 ferri,
532 1476 652 1542 cognitus
664 1490 741 1527 usus:

81 1541 140 1605 Quo
151 1542 236 1594 facilis
247 1544 331 1610 magis
343 1548 382 1595 est
394 1549 496 1609 notura,
509 1550 536 1596 et
548 1545 622 1612 copia
634 1545 724 1611 major,

81 1610 145 1662 AEre
158 1611 240 1663 solum
253 1618 329 1664 terrae
340 1613 498 1679 tractabant,
510 1630 612 1681 aereque
624 1613 687 1665 belli

81 1678 228 1731 Miscebant
240 1681 343 1747 fluetus,
355 1687 382 1733 et
394 1681 503 1733 vulnera
514 1687 590 1734 rasta
601 1682 727 1749 serebant,

81 1747 118 1799 Et
129 1765 209 1815 pecus
220 1754 300 1816 etque
312 1766 387 1817 agros
399 1750 562 1802 adimebant:
580 1768 643 1803 nam
654 1752 731 1805 facile
742 1752 796 1805 illis
849 1755 916 1803 1290

82 1815 178 1869 Omnia
187 1818 313 1871 cedebant
325 1820 433 1870 armatis
445 1819 517 1871 nuda
529 1825 556 1870 et
567 1819 674 1872 inerme

82 1885 150 1937 Inde
162 1886 316 1938 minutatim
327 1888 452 1954 processit
463 1887 561 1938 ferreus
573 1889 649 1952 ensis,

83 1953 217 2021 Versaque
228 1955 258 2006 in
270 1956 438 2007 obscaenumm
451 1955 548 2023 species
560 1961 599 2008 est
611 1955 686 2008 falcis
698 1955 796 2024 ahenae,

82 2020 118 2074 Et
129 2023 198 2075 ferro
210 2041 310 2092 coepere
322 2024 407 2076 solum
418 2024 583 2092 proscindere
594 2030 685 2086 terrae;

81 2090 280 2159 Exsequataque
292 2098 354 2144 sunt
366 2093 465 2161 creperi
477 2093 621 2145 certamina
632 2093 701 2146 belli.

118 2160 152 2212 Et
164 2161 236 2228 prius
249 2167 289 2214 est
300 2167 432 2214 armatum
443 2161 472 2212 in
484 2162 546 2228 equi
558 2163 728 2215 conscendere
740 2167 830 2227 costas,

82 2228 118 2280 Et
129 2229 287 2282 moderarier
298 2231 370 2282 hunc
381 2229 468 2295 frenis,
482 2230 627 2298 dextraque
639 2232 735 2299 vigere,

83 2298 169 2360 Quam
180 2298 270 2366 bijugo
282 2315 361 2351 curru
371 2298 434 2350 belli
448 2305 549 2350 tentare
561 2300 673 2366 pericia:

82 2366 118 2418 Et
129 2365 251 2435 bijugum
263 2368 336 2435 prius
348 2372 395 2433 est,
407 2384 488 2435 quam
499 2367 539 2418 bis
551 2370 710 2435 conjungere
721 2365 804 2434 binos,

82 2435 118 2487 Et
130 2452 208 2503 quam
220 2434 351 2488 falciferos
363 2441 495 2488 armatum
506 2436 644 2487 ascendere
656 2453 755 2489 currus.
849 2439 917 2488 1300

83 2503 149 2556 Inde
161 2503 239 2556 boves
251 2503 334 2556 Lucas
346 2505 442 2557 turrito
454 2521 559 2572 corpore
571 2509 659 2566 tetros.

82 2573 271 2641 Anguimenos,
283 2572 346 2625 belli
358 2573 503 2625 docuerunt
514 2572 623 2626 vulnera
633 2573 707 2626 Poeni

398 2673 412 2693 ¹²
427 2667 552 2718 opprobriir3
568 2667 616 2708 MS.
