1928 2964
360 149 593 210 succurrens

323 309 439 365 meur
469 311 635 378 ourani.

90 434 313 498 Lucnnmuspost
326 435 483 496 megniticum
499 435 689 496 exordiumque
704 439 729 483 et
744 436 900 484 attentionem

60 514 164 573 lectoris,
181 523 207 564 et
225 530 298 562 suurn
316 515 394 578 ipsius
411 516 521 578 spiritum
538 516 667 563 resuscitat
682 514 717 577 [v.
732 516 833 578 1-25]‚
844 517 900 564 libri

60 596 141 656 quarti
160 602 332 658 argumentum
351 611 407 642 curn
428 596 590 658 superioribus
610 597 737 644 connectit.
768 596 900 658 Postquam

60 673 127 721 euim
136 675 216 736 primo
227 680 252 721 et
261 675 365 722 secundo
372 674 434 722 libro
440 675 560 730 docuerat,
569 690 624 736 quae
635 680 659 721 et
668 675 749 735 qualis
760 676 808 722 sint
819 691 899 722 rerum

59 753 201 815 primordia,
219 754 307 816 quibus
324 755 408 816 figuris
425 755 544 813 distincte,
563 770 611 816 quo
628 762 696 802 motu
718 756 831 813 terantur,
850 771 900 817 qun

59 833 154 902 rutiche
165 841 257 880 ceteras
270 849 309 880 res
324 841 457 895 procreent,
467 835 528 882 libro
545 841 626 882 autem
637 835 706 882 tertio
722 836 810 882 animae
827 844 900 897 atque

61 913 138 961 animi
153 919 267 961 naturam
282 915 419 977 explicaret,
431 915 570 976 aggreditur
584 929 651 962 nunc
666 915 697 962 ad
713 915 900 976 disputationem

61 994 92 1042 de
108 994 229 1052 sensibus,
242 994 360 1057 incipiens
376 1010 390 1042 a
405 999 533 1043 eimlom's
550 1010 592 1043 seu
609 997 746 1056 imaginibus
763 995 899 1056 Epicureis,

61 1074 152 1136 quilius
167 1089 252 1121 sensns
267 1089 350 1122 omnes
365 1080 508 1122 moveantur
519 1073 554 1136 [v.
567 1074 684 1136 att-45}
718 1075 795 1121 Docet
810 1075 899 1139 itaque,

61 1169 170 1202 ererum
187 1154 311 1216 superficie
320 1155 461 1202 tenuissime
472 1156 583 1216 quaedam
599 1161 624 1201 et
639 1155 797 1202 subtilissima
813 1155 899 1201 simul-

61 1249 119 1281 acra
138 1233 210 1290 mitti,
227 1249 281 1294 quie
300 1234 390 1296 passim
410 1249 453 1295 per
473 1235 529 1280 a'e'ra
546 1233 678 1290 volitantia,
695 1233 837 1294 singillatim
856 1234 901 1280 sub

61 1314 145 1362 visum
161 1328 212 1360 uon
229 1314 321 1367 cadant,
341 1315 383 1360 sed
401 1314 501 1360 collecta
520 1320 544 1360 et
564 1329 579 1360 a
596 1313 699 1376 speculis
721 1320 763 1360 sut
784 1329 846 1374 aqua
863 1328 900 1360 re-

61 1395 143 1457 pulse,
160 1394 187 1440 in
203 1393 284 1441 oculos
300 1394 423 1441 incurrent
435 1392 470 1454 [v.
482 1393 615 1455 att-108}
649 1393 743 1440 Deinde
760 1394 901 1440 tenuitatem

61 1475 152 1522 homm
174 1473 356 1521 simulacrorum
378 1475 530 1532 demonstrat,
551 1474 624 1521 simul
644 1475 828 1537 primordiorum
851 1476 901 1523 exi-

62 1554 184 1616 guitatem
209 1553 353 1601 confirmans
379 1552 417 1615 [v.
439 1553 586 1615 lou-129}
637 1553 737 1616 Duplex
761 1561 842 1602 autem
868 1556 900 1601 si-

63 1633 230 1680 mulacrorum
251 1633 377 1694 distinguit
398 1648 489 1694 genum
517 1634 620 1680 alterum
636 1648 725 1690 eorum,
744 1648 799 1695 quae
818 1641 902 1696 sponte

62 1728 109 1761 sna
126 1719 271 1774 generentur
285 1713 312 1759 in
327 1715 390 1771 aire,
403 1714 484 1775 qualia
497 1728 670 1774 nonnunquam
684 1714 808 1760 videamus
826 1714 901 1761 exeis·
917 1760 920 1766 ,

63 1799 115 1840 tere
133 1792 160 1839 in
178 1792 292 1848 nubibus,
308 1793 387 1839 varias
405 1807 485 1839 rerum
502 1793 591 1854 figuras
609 1793 772 1847 imitantibus;
800 1794 902 1840 alterum

63 1887 156 1929 eornm,
169 1887 224 1933 quae
235 1887 250 1918 e
259 1887 339 1920 rerum
356 1873 481 1934 superficie
497 1873 598 1930 avolent,
610 1873 679 1935 quasi
689 1881 773 1920 tenues
790 1874 902 1934 quaedam

63 1951 298 2015 moriendoque
314 1959 338 2000 et
352 1959 467 2015 perpetuo
483 1954 597 2010 oriantur,
609 1959 632 2001 et
646 1968 674 2000 ea
684 1960 765 2000 motus
782 1954 902 2000 celeritate

63 2049 108 2096 per
117 2035 175 2080 sira
184 2031 298 2090 ferantur,
309 2040 337 2080 ut
347 2033 447 2080 luminis
458 2033 540 2081 solaris
548 2033 641 2093 jectum
652 2039 795 2094 exsuperent
808 2031 842 2093 [v.
857 2035 903 2082 130

62 2112 168 2175 -216].
202 2112 249 2160 Sed
260 2113 318 2175 quie
327 2113 393 2160 visus
405 2113 513 2159 omnium
525 2128 639 2159 sensuum
650 2113 742 2174 primus
752 2113 860 2169 hebetur,
873 2114 902 2160 ab

64 2209 92 2241 eo
103 2193 139 2240 sic
149 2192 272 2240 exorditur
282 2194 360 2254 polite,
370 2199 397 2239 nt
407 2207 437 2239 ex
447 2192 632 2239 simulacrorum
648 2192 747 2239 incursu
763 2207 819 2239 eum
835 2192 902 2253 gigni

64 2271 396 2334 ostendat[v.217-239].
429 2273 494 2319 Tum
515 2272 639 2333 explicatis
661 2272 699 2329 iis,
715 2286 769 2332 quae
791 2273 820 2319 ad
837 2273 903 2319 visus

63 2370 149 2402 causes
171 2358 289 2416 spectant,
303 2352 368 2399 varia
390 2352 420 2398 de
441 2367 469 2399 eo
490 2352 645 2414 problemata,
661 2350 772 2413 inprimis
795 2367 850 2412 quae
873 2352 903 2398 ad

64 2433 157 2498 speculi
167 2431 286 2493 imagines
297 2436 320 2477 et
329 2430 392 2477 lucis
403 2436 475 2491 atque
483 2431 576 2477 umbrae
587 2431 703 2477 rationem
712 2429 838 2490 pertinent,
847 2444 902 2490 pro-

63 2515 130 2578 ponit
144 2520 169 2562 et
183 2513 257 2560 solvit
269 2509 304 2572 [v.
317 2509 466 2572 rto-379}
500 2510 573 2557 Porro
584 2523 668 2556 sensus
678 2524 726 2555 non
738 2524 788 2556 esse
799 2510 903 2556 incertos

64 2602 154 2654 monet,
164 2606 271 2659 quorum
287 2590 359 2637 fidem
375 2590 453 2638 multe
463 2595 552 2637 temere
568 2588 736 2637 existimentur
745 2588 901 2637 labefactaret
