1964 2970
331 153 442 206 LIBER
460 151 641 217 QUARTUS„
850 154 900 203 123

58 254 197 324 Asperiora
208 255 278 308 foras
289 255 411 323 gradiens
423 256 519 308 arteria
531 255 635 308 clamor
848 256 900 306 530

57 325 385 461 itlttltlttpzltr
394 324 682 476 initiatis&

56 462 164 515 Scilicet
176 461 287 582 expletis
299 479 402 530 quoque
410 465 494 530 janua
505 462 625 514 redditur
636 461 687 513 oris

57 531 186 583 Rauca
161 531 218 597 tris,
231 536 257 582 et
269 531 321 582 iter
333 531 405 582 laedit
405 548 478 598 ‚qua
490 548 542 583 vox
554 531 616 582 itm
629 547 714 582 auras,

57 599 142 651 Haud
154 600 237 666 igitur
249 600 359 650 dubium
371 607 417 664 est,
430 600 496 666 quin
507 617 582 652 voces
594 599 724 668 verbaque
736 602 856 651 constent

57 668 191 736 Corporeis
204 685 218 720 e
229 669 375 736 principiis,
387 641 419 719 ui
431 669 525 720 laedere
536 669 644 749 possint.

91 737 117 788 N
118 755 148 789 ec
160 742 188 788 te
199 737 290 789 fallit
282 744 353 802 rtem,
367 737 430 805 quid
443 738 555 817 corporis
568 739 678 803 auferat,
691 736 795 804 etquid

57 806 190 858 Detrahat
202 822 235 858 ex
247 806 385 857 hominum
396 806 483 858 nervis
496 823 526 857 ac
539 806 658 857 viribus
650 807 714 874 ipsis

56 873 202 943 Perpetuus
216 892 297 926 sermo
298 876 403 942 ‚nigrai
416 880 477 926 noct
478 876 500 926 is
466 875 546 926 tad
559 873 679 926 umbram

55 943 165 995 Aurorae
177 944 287 1024 perduct
276 943 365 995 tubus
377 945 510 996 exoriente
522 944 621 1006 nitore;
847 945 898 995 540

56 1013 237 1064 Praesertim'
217 1030 239 1064 ιι
251 1030 312 1064 cum
324 1030 424 1064 summo
436 1019 476 1065 est
488 1013 599 1064 clamore
612 1012 746 1080 profusus:

56 1081 126 1149 Ergo
138 1098 286 1150 corpoream
298 1099 387 1133 vocem
400 1087 518 1133 constare
530 1098 633 1133 neccsse
645 1086 692 1146 est,

56 1150 145 1202 Multa
156 1150 264 1217 loquens
276 1151 400 1218 quoniam
413 1151 513 1202 amittit
525 1151 557 1202 de
570 1165 675 1218 corpore
687 1153 796 1217 partem.

55 1219 82 1271 N
82 1237 112 1271 ec
124 1219 204 1270 simili
215 1225 356 1286 penetrant
368 1236 442 1270 aures
455 1219 597 1287 primordia
608 1219 699 1284 forma,

57 1288 145 1351 Quum
156 1287 222 1340 tuba
234 1288 353 1355 depresso
365 1288 481 1354 graviter
493 1287 541 1338 sub
553 1304 687 1339 murmure
698 1285 793 1354 mugit,

55 1356 92 1408 Et
103 1362 209 1409 revocat
220 1373 330 1408 raucum
341 1363 382 1408 ret
383 1374 411 1408 ro
371 1357 477 1408 tcita
488 1355 599 1407 barbara
611 1354 749 1418 bombum;

57 1425 179 1477 Vallibus
191 1431 218 1476 et
230 1426 309 1493 cygni
321 1443 383 1477 nece
396 1426 460 1477 torti
472 1443 505 1476 ex
518 1425 672 1476 Heliconis⁰

57 1495 143 1558 Quum
155 1494 285 1562 liquidam
296 1494 395 1546 tollunt
407 1494 514 1561 lugubri
525 1510 589 1546 voce
601 1493 740 1562 querelam.

91 1563 178 1614 Hasce
189 1563 272 1629 igitur
284 1564 388 1631 penitus
400 1581 475 1615 voces
487 1581 568 1631 quum
580 1579 685 1632 corpore
696 1567 784 1615 nostro

56 1632 98 1684 Ex
117 1631 236 1682 rimimus
237 1638 377 1700 ‚rectoque
388 1633 457 1684 foras
470 1633 614 1684 emittimus
627 1649 677 1700 ore,
843 1635 895 1686 550

56 1650 163 1753 Molilis
174 1701 298 1752 articulat
310 1700 447 1753 verborum
459 1701 561 1753 daedala
572 1701 671 1768 lingua,

56 1770 262 1836 Formaturauue
274 1769 406 1822 labrorum
418 1788 464 1837 pro
477 1776 551 1838 parte
563 1770 669 1838 figurat

55 1839 190 1907 Asperitas
202 1844 249 1890 aut
251 1856 292 1890 em
304 1839 373 1890 vocis
384 1839 416 1890 fit
428 1838 462 1890 ab
473 1839 614 1907 asperitate

55 1908 257 1976 Principiorum‚
270 1914 297 1958 et
309 1908 374 1958 item
385 1907 464 1959 laevor
476 1907 570 1959 laevore
582 1911 692 1960 creatur.

92 1977 157 2042 Hoc,
170 1976 216 2028 ubi
228 1994 280 2028 non
292 1977 401 2043 longum
414 1977 588 2044 spatium,
541 1981 580 2027 est
569 1976 671 2029 tunde
683 1992 737 2027 una
749 1975 865 2044 profecta

54 2017 195 2098 Perveriiat
207 2063 258 2097 vox
270 2061 385 2113 quaque,
398 2061 501 2097 necesse
513 2051 552 2096 est
564 2044 643 2097 verba
655 2061 757 2114 quoque
768 2045 826 2113 ipsa

54 2115 138 2167 Plane
149 2114 268 2166 exaudiri
269 2114 452 2182 ,discernique
464 2113 633 2167 articulatim.

54 2183 145 2236 Servet
157 2183 227 2235 enirn
238 2155 408 2235 foimaturam
409 2189 566 2252 ‚servatque
577 2183 697 2250 figuram.

53 2252 123 2304 At'
104 2269 125 2303 sr
137 2253 177 2303 int
178 2253 274 2320 erposit
275 2270 321 2304 um
333 2259 391 2320 spat
392 2253 446 2304 ium
458 2253 490 2305 fit
501 2253 604 2321 longius
617 2269 698 2320 raquo,

53 2322 124 2373 Atra
135 2338 182 2389 per
193 2321 309 2372 multum
320 2322 447 2373 confundi
458 2320 537 2374 verba
548 2337 651 2373 necesse
663 2325 710 2388 est,
842 2323 893 2374 660

53 2390 90 2442 Et
103 2389 253 2441 conturbari
264 2407 361 2456 vocem,
374 2391 438 2441 <lum
450 2390 595 2443 transvolat
607 2407 691 2442 auras.

54 2459 124 2526 Ergo
135 2458 173 2525 fit,
187 2459 300 2510 sonitum
312 2463 344 2510 ut
356 2461 436 2526 possis
449 2460 552 2526 sentire,
564 2475 650 2526 neque
662 2458 736 2511 illam

54 2528 240 2594 Internoscere,
253 2527 389 2580 verborum
402 2529 532 2580 sententia
545 2544 603 2594 quae
616 2528 663 2580 sit:

53 2598 143 2666 Usque
154 2597 219 2650 adeo
231 2596 341 2651 confusa
352 2597 427 2653 venit
438 2616 502 2670 vox,
510 2597 597 2670 inque
606 2597 714 2669 petitu.

170 2704 180 2724 ’
191 2693 223 2735 Et
233 2697 313 2740 validis
324 2713 378 2743 nece
387 2703 452 2745 tortis
462 2716 494 2745 ex
501 2687 818 2745 Heliconuinnntrogffl-
920 2742 931 2755 ἱ
