1928 2964
342 158 450 211 arana
468 157 639 222 ausurus,
827 127 829 132 ’
852 161 904 211 rac

64 263 140 328 Quod
152 263 251 332 petiere
263 269 387 332 premunt
399 269 478 331 arcte,
490 263 645 330 faciuntque
658 263 773 314 dolorem

64 333 191 401 Corporis,
204 338 232 384 et
244 331 335 384 dentes
347 333 456 383 illidunt
468 349 538 400 saepe
549 331 659 398 labellis,

64 401 212 469 Osculaque
224 401 354 468 affligunt,
367 402 430 468 quia
441 418 494 452 non
506 405 546 452 est
558 418 625 468 pura
637 400 772 468 voluptas:

64 469 99 522 Et
112 470 213 522 stimuli
225 469 345 536 subsunt,
355 471 401 536 qui
412 470 542 536 instigant
553 469 648 521 laedere
659 469 688 521 id
699 470 794 537 ipsum,

63 538 255 604 Quodcumque
267 544 313 604 est,
325 538 410 590 rabies
422 539 493 590 unde
504 538 557 588 illae
570 539 688 604 germina
700 542 819 606 surgunt.

63 607 115 658 Sed
127 607 221 659 leviter
232 624 322 675 paenas
333 607 435 676 frangit
447 606 537 658 Venus
548 607 618 659 inter
631 624 752 674 amorem,
835 608 902 658 1080

63 675 219 744 Blandaque
229 675 345 728 refrenat
356 693 457 728 morsus
469 676 589 727 admixta
600 676 729 744 voluptas.

99 744 220 811 Namque
231 744 260 795 in
272 761 301 796 eo
314 761 371 812 spes
384 751 431 810 est,
444 744 514 795 unde
526 750 565 795 est
577 744 675 796 ardoris
688 746 766 812 origo,

64 812 158 864 Restin
197 813 808 880 'quoqueposseabeodemcorporeflammam3

64 881 141 945 Quod
172 882 210 933 eri
222 889 312 934 contra
324 887 411 934 totum
422 887 518 934 natura
529 887 673 949 repugnat:

64 950 176 1018 Unaque
187 967 229 1002 res
240 951 296 1002 haec
308 957 355 1016 est,
368 952 442 1018 cujus
455 967 507 1017 quo
519 950 635 1018 plurima
646 951 780 1017 habemus,

63 1018 131 1070 Tam
141 1019 226 1086 magis
238 1019 350 1071 ardescit
362 1019 420 1071 dira
431 1019 559 1087 cupediae
571 1024 669 1086 pectus.

64 1087 92 1140 N
92 1104 136 1140 am
148 1087 222 1139 cibus
233 1093 314 1154 atque
325 1089 419 1139 humor
430 1087 552 1139 membris
565 1089 708 1140 assumitur
719 1087 807 1151 intus;

63 1155 129 1219 Quae
142 1157 266 1223 quoniam
278 1163 362 1208 certas
374 1164 483 1224 possunt
495 1155 611 1208 obsidere
623 1162 718 1224 partes,

64 1224 124 1277 Hoc
137 1224 215 1276 facile
226 1225 349 1293 expletur
360 1226 470 1277 laticum
481 1226 641 1292 frugumque
653 1226 762 1294 cupido:

63 1293 233 1345 lix-hominis
246 1310 306 1346 vero
317 1295 391 1360 facie,
404 1294 564 1362 pulchroque
576 1294 660 1346 colore
833 1295 901 1345 1090

62 1361 109 1414 Nil
122 1362 241 1413 daturin
253 1379 346 1430 corpus
358 1369 452 1431 praeter
464 1363 603 1415 simulacra
614 1362 757 1414 fruendum

64 1429 166 1482 Tenuis
173 1449 181 1494 ;
193 1447 251 1498 quaa
263 1437 341 1484 vento
354 1449 411 1499 spes
422 1437 511 1500 raptat
524 1448 591 1499 saepe
602 1432 710 1484 misella

63 1498 102 1550 Ut
114 1498 201 1551 bibere
212 1499 241 1551 in
254 1502 349 1552 somnis
362 1501 452 1552 sitiens
465 1517 546 1567 quum
559 1502 659 1567 quaerit‚
672 1508 699 1552 et
711 1501 805 1551 humor

63 1567 124 1620 Non
136 1568 222 1635 datur,
235 1569 353 1620 ardorem
364 1569 487 1621 membris
499 1569 545 1637 qui
557 1570 690 1636 stinguere
703 1569 800 1638 possit;

64 1635 116 1689 Sed
129 1636 239 1689 laticum
251 1637 390 1690 simulacra
401 1639 477 1706 petit,
489 1638 638 1707 frustraque
650 1638 759 1702 laborat,

64 1705 98 1756 In
110 1706 248 1774 medioque
260 1707 317 1758 sitit
329 1707 439 1759 torrenti
454 1707 563 1759 flumine
575 1713 683 1774 potans:

63 1773 107 1826 Sic
120 1775 149 1825 in
160 1790 247 1826 amore
260 1774 349 1827 Venus
362 1776 506 1827 simulacris
518 1775 588 1827 ludit
600 1782 718 1829 amantes
725 1795 733 1841 ;

63 1842 119 1894 Nec
131 1844 227 1895 satiare
239 1851 340 1912 queunt
352 1845 493 1912 spectando
506 1861 535 1897 co
567 1861 612 1896 ora
624 1862 718 1912 coram,

64 1911 121 1964 Nec
132 1912 254 1964 manibus
268 1913 411 1980 quidquam
423 1914 519 1965 teneris
531 1931 547 1965 a
564 1913 655 1965 radere
666 1913 788 1965 membris

63 1979 184 2046 Possunt,
197 1988 314 2034 errantes
325 1983 421 2033 incerti
432 1999 537 2049 corpore
549 1987 612 2034 toto.
828 1984 896 2033 1100

97 2049 218 2116 Denique
231 2067 312 2117 quum
323 2050 445 2102 membris
458 2050 559 2102 collatis
571 2050 633 2103 flore
645 2052 772 2104 fruuntur

62 2117 168 2186 AEtatis,
177 2120 234 2186 jam
247 2136 329 2186 quum
341 2120 465 2188 praesagit
476 2120 574 2186 gaudia
585 2136 685 2189 corpus,

62 2185 86 2237 A
117 2204 151 2239 ue
162 2188 192 2238 in
204 2204 233 2239 eo
246 2192 285 2239 ast
298 2188 395 2250 Venus,
408 2195 438 2240 ut
450 2188 588 2241 muliebria
600 2194 719 2242 conserat
731 2205 810 2250 arva;

115 2261 183 2323 gunt
195 2256 272 2308 avide
284 2273 384 2324 corpus,
392 2259 562 2325 junguntque
575 2258 671 2310 salivas

63 2323 128 2390 Oris,
140 2331 168 2376 et
180 2325 311 2391 inspirant
322 2333 469 2393 pressantes
481 2325 605 2378 dentibus
617 2343 678 2388 ora;

61 2393 88 2444 N
88 2393 261 2461 equidquam;
274 2395 397 2461 quoniam
409 2394 551 2446 nihilfinde
563 2394 687 2446 abradere
699 2397 817 2461 possunt,

61 2461 88 2512 N
88 2478 117 2513 ec
128 2467 273 2530 penetrare,
285 2467 312 2514 et
324 2463 394 2514 abire
406 2463 435 2515 in
447 2480 540 2531 corpus
552 2479 657 2530 corpore
669 2468 731 2515 toto.

60 2530 130 2583 Nam
142 2531 228 2583 facere
241 2530 375 2583 interdum
386 2532 461 2598 velle,
474 2538 500 2583 et
513 2537 612 2584 certare
624 2530 761 2593 videntum

61 2598 151 2667 Usque
162 2599 227 2652 adeo
240 2599 335 2666 cupide
347 2599 376 2651 in
385 2600 494 2652 Veneris
507 2599 676 2668 compagibus
688 2599 795 2668 haereut,

62 2667 181 2722 Membra
190 2668 336 2736 voluptatis
347 2668 411 2720 dum
423 2670 450 2721 vi
461 2669 592 2722 labefacta
603 2669 760 2743 liquescunt.
830 2671 898 2719 1110
