<?xml version="1.0" encoding="UTF-8"?>
<!DOCTYPE html PUBLIC "-//W3C//DTD XHTML 1.0 Transitional//EN"
    "http://www.w3.org/TR/xhtml1/DTD/xhtml1-transitional.dtd">
<html xmlns="http://www.w3.org/1999/xhtml" xml:lang="en" lang="en">
 <head>
  <title>
</title>
<meta http-equiv="Content-Type" content="text/html;charset=utf-8" />
  <meta name='ocr-system' content='tesseract 3.04.00' />
  <meta name='ocr-capabilities' content='ocr_page ocr_carea ocr_par ocr_line ocrx_word'/>
</head>
<body>
  <div class='ocr_page' id='page_1' title='image "./tlucretiicaride03carugoog_0017.png"; bbox 0 0 1928 2964; ppageno 0'>
   <div class='ocr_carea' id='block_1_1' title="bbox 71 151 604 208">
    <p class='ocr_par' dir='ltr' id='par_1_1' title="bbox 71 151 604 208">
     <span class='ocr_line' id='line_1_1' title="bbox 71 151 604 208; baseline -0.009 0"><span class='ocrx_word' id='word_1_1' title='bbox 71 153 119 208; x_wconf 77' lang='lat' dir='ltr'><strong>viii</strong></span> <span class='ocrx_word' id='word_1_2' title='bbox 370 151 604 206; x_wconf 73' lang='lat' dir='ltr'><strong>unanimum.</strong></span> 
     </span>
    </p>
   </div>
   <div class='ocr_carea' id='block_1_2' title="bbox 70 265 910 730">
    <p class='ocr_par' dir='ltr' id='par_1_2' title="bbox 70 265 910 730">
     <span class='ocr_line' id='line_1_2' title="bbox 72 265 908 333; baseline -0.008 -13"><span class='ocrx_word' id='word_1_3' title='bbox 72 272 192 320; x_wconf 87' lang='lat' dir='ltr'><strong>efficiunt:</strong></span> <span class='ocrx_word' id='word_1_4' title='bbox 208 272 250 333; x_wconf 90' lang='lat' dir='ltr'><strong>qui</strong></span> <span class='ocrx_word' id='word_1_5' title='bbox 261 272 346 318; x_wconf 88' lang='lat' dir='ltr'><strong>mundi</strong></span> <span class='ocrx_word' id='word_1_6' title='bbox 358 276 477 332; x_wconf 82' lang='lat' dir='ltr'>augentur</span> <span class='ocrx_word' id='word_1_7' title='bbox 487 269 614 331; x_wconf 86' lang='lat' dir='ltr'><strong>aliquando</strong></span> <span class='ocrx_word' id='word_1_8' title='bbox 626 269 655 314; x_wconf 88' lang='lat' dir='ltr'><strong>ab</strong></span> <span class='ocrx_word' id='word_1_9' title='bbox 667 268 760 325; x_wconf 87' lang='lat' dir='ltr'><strong>atomis,</strong></span> <span class='ocrx_word' id='word_1_10' title='bbox 772 282 803 314; x_wconf 82' lang='lat' dir='ltr'><strong>ex</strong></span> <span class='ocrx_word' id='word_1_11' title='bbox 812 265 908 313; x_wconf 84' lang='lat' dir='ltr'><strong>infinito</strong></span> 
     </span>
     <span class='ocr_line' id='line_1_3' title="bbox 72 345 910 413; baseline -0.008 -15"><span class='ocrx_word' id='word_1_12' title='bbox 72 351 182 413; x_wconf 76' lang='lat' dir='ltr'><strong>delapsis,</strong></span> <span class='ocrx_word' id='word_1_13' title='bbox 204 351 333 413; x_wconf 86' lang='lat' dir='ltr'><strong>aliquando</strong></span> <span class='ocrx_word' id='word_1_14' title='bbox 354 351 433 406; x_wconf 90' lang='lat' dir='ltr'><strong>etiam,</strong></span> <span class='ocrx_word' id='word_1_15' title='bbox 451 348 602 396; x_wconf 82' lang='lat' dir='ltr'><strong>avolantibus</strong></span> <span class='ocrx_word' id='word_1_16' title='bbox 622 348 648 394; x_wconf 85' lang='lat' dir='ltr'><strong>in</strong></span> <span class='ocrx_word' id='word_1_17' title='bbox 669 347 791 393; x_wconf 89' lang='lat' dir='ltr'><strong>infinitum</strong></span> <span class='ocrx_word' id='word_1_18' title='bbox 812 345 910 400; x_wconf 80' lang='lat' dir='ltr'><strong>atomis,</strong></span> 
     </span>
     <span class='ocr_line' id='line_1_4' title="bbox 72 424 910 489; baseline -0.007 -13"><span class='ocrx_word' id='word_1_19' title='bbox 72 430 239 477; x_wconf 81' lang='lat' dir='ltr'><strong>diminuuntur</strong></span> <span class='ocrx_word' id='word_1_20' title='bbox 249 446 277 478; x_wconf 87' lang='lat' dir='ltr'><strong>ac</strong></span> <span class='ocrx_word' id='word_1_21' title='bbox 288 430 452 477; x_wconf 84' lang='lat' dir='ltr'><strong>dissolvuntur</strong></span> <span class='ocrx_word' id='word_1_22' title='bbox 464 426 499 489; x_wconf 90' lang='lat' dir='ltr'><strong>[v.</strong></span> <span class='ocrx_word' id='word_1_23' title='bbox 509 425 692 487; x_wconf 70' lang='lat'>1022-1149]:</span> <span class='ocrx_word' id='word_1_24' title='bbox 711 425 747 471; x_wconf 90' lang='lat' dir='ltr'><strong>uti</strong></span> <span class='ocrx_word' id='word_1_25' title='bbox 759 431 814 471; x_wconf 87' lang='lat' dir='ltr'><strong>ante</strong></span> <span class='ocrx_word' id='word_1_26' title='bbox 827 424 910 472; x_wconf 87' lang='lat' dir='ltr'><strong>oculos</strong></span> 
     </span>
     <span class='ocr_line' id='line_1_5' title="bbox 72 504 907 572; baseline -0.007 -14"><span class='ocrx_word' id='word_1_27' title='bbox 72 511 152 557; x_wconf 86' lang='lat' dir='ltr'><strong>omnia</strong></span> <span class='ocrx_word' id='word_1_28' title='bbox 161 511 288 572; x_wconf 81' lang='lat' dir='ltr'><strong>paullatim</strong></span> <span class='ocrx_word' id='word_1_29' title='bbox 299 511 378 564; x_wconf 84' lang='lat' dir='ltr'><strong>effoeta</strong></span> <span class='ocrx_word' id='word_1_30' title='bbox 387 509 455 564; x_wconf 90' lang='lat' dir='ltr'><strong>fiunt,</strong></span> <span class='ocrx_word' id='word_1_31' title='bbox 468 515 498 564; x_wconf 87' lang='lat' dir='ltr'><strong>et,</strong></span> <span class='ocrx_word' id='word_1_32' title='bbox 509 522 563 568; x_wconf 83' lang='lat' dir='ltr'><strong>quae</strong></span> <span class='ocrx_word' id='word_1_33' title='bbox 580 506 638 553; x_wconf 91' lang='lat' dir='ltr'><strong>olim</strong></span> <span class='ocrx_word' id='word_1_34' title='bbox 654 505 780 552; x_wconf 81' lang='lat' dir='ltr'><strong>laetissime</strong></span> <span class='ocrx_word' id='word_1_35' title='bbox 796 504 907 552; x_wconf 84' lang='lat' dir='ltr'><strong>adoleve-</strong></span> 
     </span>
     <span class='ocr_line' id='line_1_6' title="bbox 70 584 909 651; baseline -0.007 -14"><span class='ocrx_word' id='word_1_36' title='bbox 70 596 131 648; x_wconf 83' lang='lat' dir='ltr'><strong>rant,</strong></span> <span class='ocrx_word' id='word_1_37' title='bbox 142 590 232 651; x_wconf 86' lang='lat' dir='ltr'><strong>plantae</strong></span> <span class='ocrx_word' id='word_1_38' title='bbox 245 596 316 651; x_wconf 84' lang='lat' dir='ltr'><strong>atque</strong></span> <span class='ocrx_word' id='word_1_39' title='bbox 327 588 441 636; x_wconf 85' lang='lat' dir='ltr'><strong>animalia</strong></span> <span class='ocrx_word' id='word_1_40' title='bbox 449 588 502 648; x_wconf 85' lang='lat' dir='ltr'><strong>jam</strong></span> <span class='ocrx_word' id='word_1_41' title='bbox 513 601 578 632; x_wconf 93' lang='lat' dir='ltr'><strong>nunc</strong></span> <span class='ocrx_word' id='word_1_42' title='bbox 590 591 723 643; x_wconf 86' lang='lat' dir='ltr'><strong>senescunt,</strong></span> <span class='ocrx_word' id='word_1_43' title='bbox 735 591 760 632; x_wconf 91' lang='lat' dir='ltr'><strong>et</strong></span> <span class='ocrx_word' id='word_1_44' title='bbox 770 584 853 632; x_wconf 87' lang='lat' dir='ltr'><strong>ordine</strong></span> <span class='ocrx_word' id='word_1_45' title='bbox 864 598 909 631; x_wconf 89' lang='lat' dir='ltr'><strong>euo</strong></span> 
     </span>
     <span class='ocr_line' id='line_1_7' title="bbox 72 665 553 730; baseline -0.008 -14"><span class='ocrx_word' id='word_1_46' title='bbox 72 669 169 717; x_wconf 88' lang='lat' dir='ltr'><strong>demum</strong></span> <span class='ocrx_word' id='word_1_47' title='bbox 180 669 311 717; x_wconf 91' lang='lat' dir='ltr'><strong>interibunt</strong></span> <span class='ocrx_word' id='word_1_48' title='bbox 322 667 358 730; x_wconf 90' lang='lat' dir='ltr'><strong>[v.</strong></span> <span class='ocrx_word' id='word_1_49' title='bbox 373 665 553 727; x_wconf 64' lang='lat' dir='ltr'><strong>llas-1172}</strong></span> 
     </span>
    </p>
   </div>
   <div class='ocr_carea' id='block_1_3' title="bbox 414 843 560 862">
    <p class='ocr_par' dir='ltr' id='par_1_3' title="bbox 414 843 560 862">
     <span class='ocr_line' id='line_1_8' title="bbox 414 843 560 862; baseline 0 0"><span class='ocrx_word' id='word_1_50' title='bbox 414 843 560 862; x_wconf 61' lang='lat' dir='ltr'><strong>mmm</strong></span> 
     </span>
    </p>
   </div>
   <div class='ocr_carea' id='block_1_4' title="bbox 334 985 631 1041">
    <p class='ocr_par' dir='ltr' id='par_1_4' title="bbox 334 985 631 1041">
     <span class='ocr_line' id='line_1_9' title="bbox 334 985 631 1041; baseline 0.003 -1"><span class='ocrx_word' id='word_1_51' title='bbox 334 985 451 1040; x_wconf 82' lang='lat' dir='ltr'><strong>LIBRI</strong></span> <span class='ocrx_word' id='word_1_52' title='bbox 479 987 631 1041; x_wconf 67' lang='lat' dir='ltr'><strong>bunun.</strong></span> 
     </span>
    </p>
   </div>
   <div class='ocr_carea' id='block_1_5' title="bbox 71 1137 954 2641">
    <p class='ocr_par' dir='ltr' id='par_1_5' title="bbox 71 1137 954 2641">
     <span class='ocr_line' id='line_1_10' title="bbox 104 1137 910 1204; baseline 0.005 -18"><span class='ocrx_word' id='word_1_53' title='bbox 104 1137 249 1191; x_wconf 74' lang='lat' dir='ltr'><strong>Poenorum</strong></span> <span class='ocrx_word' id='word_1_54' title='bbox 261 1139 388 1188; x_wconf 88' lang='lat' dir='ltr'><strong>Lucretius</strong></span> <span class='ocrx_word' id='word_1_55' title='bbox 403 1148 514 1190; x_wconf 88' lang='lat' dir='ltr'><strong>naturam</strong></span> <span class='ocrx_word' id='word_1_56' title='bbox 530 1148 554 1189; x_wconf 91' lang='lat' dir='ltr'><strong>et</strong></span> <span class='ocrx_word' id='word_1_57' title='bbox 568 1142 712 1200; x_wconf 86' lang='lat' dir='ltr'><strong>affectiones,</strong></span> <span class='ocrx_word' id='word_1_58' title='bbox 725 1157 784 1204; x_wconf 90' lang='lat' dir='ltr'><strong>quas</strong></span> <span class='ocrx_word' id='word_1_59' title='bbox 795 1143 910 1202; x_wconf 85' lang='lat' dir='ltr'><strong>dicimus,</strong></span> 
     </span>
     <span class='ocr_line' id='line_1_11' title="bbox 72 1219 911 1283; baseline 0.002 -17"><span class='ocrx_word' id='word_1_60' title='bbox 72 1224 206 1267; x_wconf 90' lang='lat' dir='ltr'><strong>atomorum</strong></span> <span class='ocrx_word' id='word_1_61' title='bbox 216 1219 243 1266; x_wconf 94' lang='lat' dir='ltr'><strong>in</strong></span> <span class='ocrx_word' id='word_1_62' title='bbox 253 1220 414 1282; x_wconf 82' lang='lat' dir='ltr'><strong>superioribus</strong></span> <span class='ocrx_word' id='word_1_63' title='bbox 425 1221 492 1268; x_wconf 88' lang='lat' dir='ltr'><strong>libris</strong></span> <span class='ocrx_word' id='word_1_64' title='bbox 504 1221 677 1282; x_wconf 84' lang='lat' dir='ltr'><strong>explicaverat;</strong></span> <span class='ocrx_word' id='word_1_65' title='bbox 696 1227 798 1283; x_wconf 88' lang='lat' dir='ltr'><strong>quatuor</strong></span> <span class='ocrx_word' id='word_1_66' title='bbox 808 1221 911 1283; x_wconf 82' lang='lat' dir='ltr'><strong>reliquis</strong></span> 
     </span>
     <span class='ocr_line' id='line_1_12' title="bbox 72 1300 910 1363; baseline 0.004 -17"><span class='ocrx_word' id='word_1_67' title='bbox 72 1315 106 1357; x_wconf 84' lang='lat' dir='ltr'><strong>ea,</strong></span> <span class='ocrx_word' id='word_1_68' title='bbox 119 1314 173 1361; x_wconf 88' lang='lat' dir='ltr'><strong>quae</strong></span> <span class='ocrx_word' id='word_1_69' title='bbox 184 1315 214 1347; x_wconf 85' lang='lat' dir='ltr'><strong>ex</strong></span> <span class='ocrx_word' id='word_1_70' title='bbox 223 1301 308 1347; x_wconf 87' lang='lat' dir='ltr'><strong>atomis</strong></span> <span class='ocrx_word' id='word_1_71' title='bbox 318 1300 371 1348; x_wconf 87' lang='lat' dir='ltr'><strong>istis</strong></span> <span class='ocrx_word' id='word_1_72' title='bbox 382 1301 451 1357; x_wconf 88' lang='lat' dir='ltr'><strong>fiunt,</strong></span> <span class='ocrx_word' id='word_1_73' title='bbox 462 1300 620 1362; x_wconf 83' lang='lat' dir='ltr'>persequitur.</span> <span class='ocrx_word' id='word_1_74' title='bbox 652 1302 690 1347; x_wconf 85' lang='lat' dir='ltr'><strong>Ac</strong></span> <span class='ocrx_word' id='word_1_75' title='bbox 704 1301 794 1362; x_wconf 88' lang='lat' dir='ltr'><strong>primas</strong></span> <span class='ocrx_word' id='word_1_76' title='bbox 810 1302 910 1363; x_wconf 90' lang='lat' dir='ltr'><strong>quidem</strong></span> 
     </span>
     <span class='ocr_line' id='line_1_13' title="bbox 71 1380 908 1441; baseline 0.001 -14"><span class='ocrx_word' id='word_1_77' title='bbox 71 1385 151 1440; x_wconf 85' lang='lat' dir='ltr'><strong>partes</strong></span> <span class='ocrx_word' id='word_1_78' title='bbox 162 1380 248 1427; x_wconf 88' lang='lat' dir='ltr'><strong>detulit</strong></span> <span class='ocrx_word' id='word_1_79' title='bbox 259 1380 339 1427; x_wconf 89' lang='lat' dir='ltr'><strong>animo</strong></span> <span class='ocrx_word' id='word_1_80' title='bbox 350 1387 373 1428; x_wconf 93' lang='lat' dir='ltr'><strong>et</strong></span> <span class='ocrx_word' id='word_1_81' title='bbox 383 1381 485 1427; x_wconf 86' lang='lat' dir='ltr'><strong>animae:</strong></span> <span class='ocrx_word' id='word_1_82' title='bbox 498 1380 621 1441; x_wconf 87' lang='lat' dir='ltr'><strong>dequibus</strong></span> <span class='ocrx_word' id='word_1_83' title='bbox 632 1380 732 1428; x_wconf 90' lang='lat' dir='ltr'><strong>hoctoto</strong></span> <span class='ocrx_word' id='word_1_84' title='bbox 743 1380 804 1428; x_wconf 89' lang='lat' dir='ltr'><strong>libro</strong></span> <span class='ocrx_word' id='word_1_85' title='bbox 814 1381 849 1428; x_wconf 85' lang='lat' dir='ltr'><strong>ita</strong></span> <span class='ocrx_word' id='word_1_86' title='bbox 859 1382 908 1428; x_wconf 88' lang='lat' dir='ltr'><strong>dis-</strong></span> 
     </span>
     <span class='ocr_line' id='line_1_14' title="bbox 72 1458 908 1522; baseline 0.005 -18"><span class='ocrx_word' id='word_1_87' title='bbox 72 1465 147 1520; x_wconf 84' lang='lat' dir='ltr'><strong>putat,</strong></span> <span class='ocrx_word' id='word_1_88' title='bbox 158 1465 186 1506; x_wconf 91' lang='lat' dir='ltr'><strong>ut</strong></span> <span class='ocrx_word' id='word_1_89' title='bbox 197 1475 211 1506; x_wconf 91' lang='lat' dir='ltr'><strong>a</strong></span> <span class='ocrx_word' id='word_1_90' title='bbox 222 1458 334 1505; x_wconf 82' lang='lat' dir='ltr'><strong>laudibus</strong></span> <span class='ocrx_word' id='word_1_91' title='bbox 346 1459 474 1521; x_wconf 76' lang='lat' dir='ltr'><strong>Epicureae</strong></span> <span class='ocrx_word' id='word_1_92' title='bbox 485 1459 600 1506; x_wconf 75' lang='lat' dir='ltr'><strong>doctrina</strong></span> <span class='ocrx_word' id='word_1_93' title='bbox 613 1460 750 1520; x_wconf 85' lang='lat' dir='ltr'><strong>auspicetur</strong></span> <span class='ocrx_word' id='word_1_94' title='bbox 761 1458 795 1521; x_wconf 84' lang='lat' dir='ltr'><strong>[v.</strong></span> <span class='ocrx_word' id='word_1_95' title='bbox 807 1459 908 1522; x_wconf 81' lang='lat' dir='ltr'><strong>1-1a].</strong></span> 
     </span>
     <span class='ocr_line' id='line_1_15' title="bbox 73 1537 909 1601; baseline 0.001 -14"><span class='ocrx_word' id='word_1_96' title='bbox 73 1537 196 1587; x_wconf 82' lang='lat' dir='ltr'><strong>Quoniam</strong></span> <span class='ocrx_word' id='word_1_97' title='bbox 212 1538 276 1585; x_wconf 87' lang='lat' dir='ltr'><strong>enim</strong></span> <span class='ocrx_word' id='word_1_98' title='bbox 288 1538 411 1600; x_wconf 79' lang='lat' dir='ltr'><strong>Epicurus</strong></span> <span class='ocrx_word' id='word_1_99' title='bbox 428 1539 509 1587; x_wconf 90' lang='lat' dir='ltr'><strong>docuit</strong></span> <span class='ocrx_word' id='word_1_100' title='bbox 524 1539 626 1601; x_wconf 87' lang='lat' dir='ltr'><strong>primus,</strong></span> <span class='ocrx_word' id='word_1_101' title='bbox 641 1555 690 1586; x_wconf 93' lang='lat' dir='ltr'><strong>non</strong></span> <span class='ocrx_word' id='word_1_102' title='bbox 706 1541 778 1587; x_wconf 90' lang='lat' dir='ltr'><strong>adeo</strong></span> <span class='ocrx_word' id='word_1_103' title='bbox 795 1541 909 1601; x_wconf 83' lang='lat' dir='ltr'><strong>quodam,</strong></span> 
     </span>
     <span class='ocr_line' id='line_1_16' title="bbox 73 1618 910 1682; baseline 0.004 -17"><span class='ocrx_word' id='word_1_104' title='bbox 73 1618 114 1665; x_wconf 85' lang='lat' dir='ltr'><strong>sed</strong></span> <span class='ocrx_word' id='word_1_105' title='bbox 124 1634 155 1665; x_wconf 85' lang='lat' dir='ltr'><strong>ex</strong></span> <span class='ocrx_word' id='word_1_106' title='bbox 164 1618 262 1666; x_wconf 86' lang='lat' dir='ltr'><strong>fortuita</strong></span> <span class='ocrx_word' id='word_1_107' title='bbox 270 1623 403 1666; x_wconf 85' lang='lat' dir='ltr'><strong>atomorum</strong></span> <span class='ocrx_word' id='word_1_108' title='bbox 411 1620 565 1667; x_wconf 82' lang='lat' dir='ltr'><strong>concursione</strong></span> <span class='ocrx_word' id='word_1_109' title='bbox 573 1621 694 1667; x_wconf 89' lang='lat' dir='ltr'><strong>mundum</strong></span> <span class='ocrx_word' id='word_1_110' title='bbox 704 1621 770 1668; x_wconf 90' lang='lat' dir='ltr'><strong>huuc</strong></span> <span class='ocrx_word' id='word_1_111' title='bbox 781 1622 910 1682; x_wconf 80' lang='lat' dir='ltr'><strong>omniaque</strong></span> 
     </span>
     <span class='ocr_line' id='line_1_17' title="bbox 73 1699 908 1762; baseline 0.005 -18"><span class='ocrx_word' id='word_1_112' title='bbox 73 1712 125 1745; x_wconf 88' lang='lat' dir='ltr'><strong>esse</strong></span> <span class='ocrx_word' id='word_1_113' title='bbox 135 1699 212 1754; x_wconf 60' lang='lat' dir='ltr'><strong>factm</strong></span> <span class='ocrx_word' id='word_1_114' title='bbox 229 1713 241 1745; x_wconf 92' lang='lat' dir='ltr'><strong>e</strong></span> <span class='ocrx_word' id='word_1_115' title='bbox 253 1700 369 1746; x_wconf 85' lang='lat' dir='ltr'><strong>sententia</strong></span> <span class='ocrx_word' id='word_1_116' title='bbox 380 1699 464 1746; x_wconf 83' lang='lat' dir='ltr'><strong>Nostri</strong></span> <span class='ocrx_word' id='word_1_117' title='bbox 475 1700 569 1762; x_wconf 82' lang='lat' dir='ltr'><strong>egregie</strong></span> <span class='ocrx_word' id='word_1_118' title='bbox 579 1701 687 1762; x_wconf 82' lang='lat' dir='ltr'><strong>perfecit,</strong></span> <span class='ocrx_word' id='word_1_119' title='bbox 698 1700 762 1761; x_wconf 87' lang='lat' dir='ltr'><strong>quod</strong></span> <span class='ocrx_word' id='word_1_120' title='bbox 777 1700 818 1747; x_wconf 86' lang='lat' dir='ltr'><strong>alii</strong></span> <span class='ocrx_word' id='word_1_121' title='bbox 829 1700 908 1761; x_wconf 93' lang='lat' dir='ltr'><strong>philo·</strong></span> 
     </span>
     <span class='ocr_line' id='line_1_18' title="bbox 72 1777 910 1842; baseline 0.005 -19"><span class='ocrx_word' id='word_1_122' title='bbox 72 1777 142 1839; x_wconf 91' lang='lat' dir='ltr'><strong>sophi</strong></span> <span class='ocrx_word' id='word_1_123' title='bbox 152 1777 239 1824; x_wconf 78' lang='lat' dir='ltr'><strong>frustra</strong></span> <span class='ocrx_word' id='word_1_124' title='bbox 250 1778 328 1825; x_wconf 92' lang='lat' dir='ltr'><strong>conati</strong></span> <span class='ocrx_word' id='word_1_125' title='bbox 342 1779 397 1837; x_wconf 85' lang='lat' dir='ltr'><strong>sint,</strong></span> <span class='ocrx_word' id='word_1_126' title='bbox 408 1785 436 1826; x_wconf 88' lang='lat' dir='ltr'><strong>ut</strong></span> <span class='ocrx_word' id='word_1_127' title='bbox 446 1780 530 1826; x_wconf 86' lang='lat' dir='ltr'><strong>mortis</strong></span> <span class='ocrx_word' id='word_1_128' title='bbox 545 1794 720 1842; x_wconf 83' lang='lat' dir='ltr'><strong>poenarumque</strong></span> <span class='ocrx_word' id='word_1_129' title='bbox 736 1787 791 1841; x_wconf 90' lang='lat' dir='ltr'><strong>post</strong></span> <span class='ocrx_word' id='word_1_130' title='bbox 807 1787 910 1828; x_wconf 87' lang='lat' dir='ltr'><strong>mortem</strong></span> 
     </span>
     <span class='ocr_line' id='line_1_19' title="bbox 71 1857 909 1921; baseline 0.006 -18"><span class='ocrx_word' id='word_1_131' title='bbox 71 1863 139 1904; x_wconf 90' lang='lat' dir='ltr'><strong>metu</strong></span> <span class='ocrx_word' id='word_1_132' title='bbox 151 1857 245 1904; x_wconf 88' lang='lat' dir='ltr'><strong>animos</strong></span> <span class='ocrx_word' id='word_1_133' title='bbox 256 1858 383 1906; x_wconf 87' lang='lat' dir='ltr'><strong>hominum</strong></span> <span class='ocrx_word' id='word_1_134' title='bbox 393 1860 503 1906; x_wconf 86' lang='lat' dir='ltr'><strong>liberaret</strong></span> <span class='ocrx_word' id='word_1_135' title='bbox 516 1858 550 1920; x_wconf 84' lang='lat' dir='ltr'><strong>[v.</strong></span> <span class='ocrx_word' id='word_1_136' title='bbox 566 1859 681 1921; x_wconf 72' lang='lat'>14—93].</span> <span class='ocrx_word' id='word_1_137' title='bbox 716 1861 779 1907; x_wconf 78' lang='lat' dir='ltr'><strong>Hac</strong></span> <span class='ocrx_word' id='word_1_138' title='bbox 794 1860 829 1907; x_wconf 89' lang='lat' dir='ltr'><strong>ita</strong></span> <span class='ocrx_word' id='word_1_139' title='bbox 844 1875 909 1921; x_wconf 83' lang='lat' dir='ltr'><strong>prae-</strong></span> 
     </span>
     <span class='ocr_line' id='line_1_20' title="bbox 71 1937 909 2001; baseline 0.005 -18"><span class='ocrx_word' id='word_1_140' title='bbox 71 1937 143 1994; x_wconf 80' lang='lat' dir='ltr'><strong>fotus,</strong></span> <span class='ocrx_word' id='word_1_141' title='bbox 159 1951 229 1998; x_wconf 87' lang='lat' dir='ltr'><strong>porro</strong></span> <span class='ocrx_word' id='word_1_142' title='bbox 243 1938 318 1996; x_wconf 75' lang='lat' dir='ltr'><strong>docet,</strong></span> <span class='ocrx_word' id='word_1_143' title='bbox 334 1939 442 1987; x_wconf 87' lang='lat' dir='ltr'><strong>animum</strong></span> <span class='ocrx_word' id='word_1_144' title='bbox 458 1945 482 1986; x_wconf 91' lang='lat' dir='ltr'><strong>et</strong></span> <span class='ocrx_word' id='word_1_145' title='bbox 498 1941 603 1987; x_wconf 86' lang='lat' dir='ltr'><strong>animam</strong></span> <span class='ocrx_word' id='word_1_146' title='bbox 617 1946 713 2001; x_wconf 88' lang='lat' dir='ltr'><strong>partem</strong></span> <span class='ocrx_word' id='word_1_147' title='bbox 728 1955 780 1988; x_wconf 88' lang='lat' dir='ltr'><strong>esse</strong></span> <span class='ocrx_word' id='word_1_148' title='bbox 794 1940 909 1997; x_wconf 86' lang='lat' dir='ltr'><strong>hominis,</strong></span> 
     </span>
     <span class='ocr_line' id='line_1_21' title="bbox 73 2016 954 2080; baseline 0.003 -17"><span class='ocrx_word' id='word_1_149' title='bbox 73 2032 142 2078; x_wconf 82' lang='lat' dir='ltr'><strong>aeque</strong></span> <span class='ocrx_word' id='word_1_150' title='bbox 162 2032 190 2064; x_wconf 88' lang='lat' dir='ltr'><strong>ac</strong></span> <span class='ocrx_word' id='word_1_151' title='bbox 210 2016 291 2079; x_wconf 84' lang='lat' dir='ltr'><strong>pedes,</strong></span> <span class='ocrx_word' id='word_1_152' title='bbox 310 2033 404 2076; x_wconf 86' lang='lat' dir='ltr'><strong>manus,</strong></span> <span class='ocrx_word' id='word_1_153' title='bbox 422 2019 527 2076; x_wconf 84' lang='lat' dir='ltr'><strong>brachia,</strong></span> <span class='ocrx_word' id='word_1_154' title='bbox 550 2019 643 2080; x_wconf 90' lang='lat' dir='ltr'><strong>reliqua</strong></span> <span class='ocrx_word' id='word_1_155' title='bbox 663 2020 772 2067; x_wconf 86' lang='lat' dir='ltr'><strong>membra</strong></span> <span class='ocrx_word' id='word_1_156' title='bbox 790 2018 825 2080; x_wconf 88' lang='lat' dir='ltr'><strong>[v.</strong></span> <span class='ocrx_word' id='word_1_157' title='bbox 844 2021 908 2068; x_wconf 72' lang='lat'><strong>94—</strong></span> <span class='ocrx_word' id='word_1_158' title='bbox 953 2031 954 2034; x_wconf 75' lang='grc'>’</span> 
     </span>
     <span class='ocr_line' id='line_1_22' title="bbox 73 2097 908 2162; baseline 0 -16"><span class='ocrx_word' id='word_1_159' title='bbox 73 2097 126 2160; x_wconf 85' lang='grc'><strong>97],</strong></span> <span class='ocrx_word' id='word_1_160' title='bbox 145 2113 223 2159; x_wconf 91' lang='lat' dir='ltr'><strong>neque</strong></span> <span class='ocrx_word' id='word_1_161' title='bbox 243 2099 352 2146; x_wconf 85' lang='lat' dir='ltr'><strong>habitum</strong></span> <span class='ocrx_word' id='word_1_162' title='bbox 373 2115 424 2147; x_wconf 82' lang='lat' dir='ltr'><strong>esse</strong></span> <span class='ocrx_word' id='word_1_163' title='bbox 444 2099 543 2147; x_wconf 88' lang='lat' dir='ltr'><strong>vitalem</strong></span> <span class='ocrx_word' id='word_1_164' title='bbox 563 2100 635 2147; x_wconf 86' lang='lat' dir='ltr'><strong>totius</strong></span> <span class='ocrx_word' id='word_1_165' title='bbox 658 2100 768 2162; x_wconf 88' lang='lat' dir='ltr'><strong>corporis,</strong></span> <span class='ocrx_word' id='word_1_166' title='bbox 789 2115 832 2146; x_wconf 88' lang='lat' dir='ltr'><strong>sen</strong></span> <span class='ocrx_word' id='word_1_167' title='bbox 855 2114 908 2147; x_wconf 88' lang='lat' dir='ltr'><strong>om-</strong></span> 
     </span>
     <span class='ocr_line' id='line_1_23' title="bbox 71 2179 909 2241; baseline 0.004 -16"><span class='ocrx_word' id='word_1_168' title='bbox 71 2179 142 2226; x_wconf 88' lang='lat' dir='ltr'><strong>nium</strong></span> <span class='ocrx_word' id='word_1_169' title='bbox 161 2179 267 2241; x_wconf 85' lang='lat' dir='ltr'><strong>partium</strong></span> <span class='ocrx_word' id='word_1_170' title='bbox 288 2179 391 2241; x_wconf 88' lang='lat' dir='ltr'><strong>corporis</strong></span> <span class='ocrx_word' id='word_1_171' title='bbox 412 2180 437 2227; x_wconf 92' lang='lat' dir='ltr'><strong>in</strong></span> <span class='ocrx_word' id='word_1_172' title='bbox 449 2179 569 2226; x_wconf 81' lang='lat' dir='ltr'><strong>cntionem</strong></span> <span class='ocrx_word' id='word_1_173' title='bbox 587 2187 658 2241; x_wconf 84' lang='lat' dir='ltr'><strong>atque</strong></span> <span class='ocrx_word' id='word_1_174' title='bbox 680 2186 822 2228; x_wconf 87' lang='lat' dir='ltr'><strong>concentum</strong></span> <span class='ocrx_word' id='word_1_175' title='bbox 842 2195 909 2238; x_wconf 90' lang='lat' dir='ltr'><strong>eum,</strong></span> 
     </span>
     <span class='ocr_line' id='line_1_24' title="bbox 72 2259 910 2322; baseline 0.002 -17"><span class='ocrx_word' id='word_1_176' title='bbox 72 2271 145 2318; x_wconf 89' lang='lat' dir='ltr'><strong>quem</strong></span> <span class='ocrx_word' id='word_1_177' title='bbox 167 2264 258 2306; x_wconf 80' lang='lat' dir='ltr'><strong>veteres</strong></span> <span class='ocrx_word' id='word_1_178' title='bbox 281 2259 378 2320; x_wconf 89' lang='lat' dir='ltr'><strong>quidam</strong></span> <span class='ocrx_word' id='word_1_179' title='bbox 398 2259 535 2322; x_wconf 88' lang='lat' dir='ltr'><strong>philosophi</strong></span> <span class='ocrx_word' id='word_1_180' title='bbox 556 2259 707 2306; x_wconf 87' lang='lat' dir='ltr'><strong>harmoniam</strong></span> <span class='ocrx_word' id='word_1_181' title='bbox 729 2259 910 2321; x_wconf 85' lang='lat' dir='ltr'><strong>appellaverunt</strong></span> 
     </span>
     <span class='ocr_line' id='line_1_25' title="bbox 74 2335 908 2402; baseline 0.004 -18"><span class='ocrx_word' id='word_1_182' title='bbox 74 2335 109 2398; x_wconf 90' lang='lat' dir='ltr'><strong>[v.</strong></span> <span class='ocrx_word' id='word_1_183' title='bbox 133 2339 265 2401; x_wconf 84' lang='lat'><strong>98—106].</strong></span> <span class='ocrx_word' id='word_1_184' title='bbox 306 2339 377 2386; x_wconf 90' lang='lat' dir='ltr'><strong>Hauc</strong></span> <span class='ocrx_word' id='word_1_185' title='bbox 399 2339 464 2387; x_wconf 90' lang='lat' dir='ltr'><strong>enim</strong></span> <span class='ocrx_word' id='word_1_186' title='bbox 486 2339 622 2401; x_wconf 90' lang='lat' dir='ltr'><strong>opinionem</strong></span> <span class='ocrx_word' id='word_1_187' title='bbox 643 2340 732 2402; x_wconf 87' lang='lat' dir='ltr'><strong>partim</strong></span> <span class='ocrx_word' id='word_1_188' title='bbox 753 2354 781 2386; x_wconf 91' lang='lat' dir='ltr'><strong>eo</strong></span> <span class='ocrx_word' id='word_1_189' title='bbox 802 2339 908 2387; x_wconf 83' lang='lat' dir='ltr'><strong>labefac-</strong></span> 
     </span>
     <span class='ocr_line' id='line_1_26' title="bbox 72 2418 911 2482; baseline 0.002 -18"><span class='ocrx_word' id='word_1_190' title='bbox 72 2418 124 2475; x_wconf 85' lang='lat' dir='ltr'><strong>tari,</strong></span> <span class='ocrx_word' id='word_1_191' title='bbox 141 2420 206 2480; x_wconf 92' lang='lat' dir='ltr'><strong>quod</strong></span> <span class='ocrx_word' id='word_1_192' title='bbox 221 2420 350 2476; x_wconf 87' lang='lat' dir='ltr'><strong>interdum,</strong></span> <span class='ocrx_word' id='word_1_193' title='bbox 369 2420 411 2481; x_wconf 94' lang='lat' dir='ltr'><strong>qui</strong></span> <span class='ocrx_word' id='word_1_194' title='bbox 433 2434 529 2482; x_wconf 85' lang='lat' dir='ltr'><strong>corpore</strong></span> <span class='ocrx_word' id='word_1_195' title='bbox 551 2420 636 2476; x_wconf 85' lang='lat' dir='ltr'><strong>doleat,</strong></span> <span class='ocrx_word' id='word_1_196' title='bbox 657 2419 738 2466; x_wconf 91' lang='lat' dir='ltr'><strong>animo</strong></span> <span class='ocrx_word' id='word_1_197' title='bbox 758 2418 862 2474; x_wconf 81' lang='lat' dir='ltr'><strong>laetetur,</strong></span> <span class='ocrx_word' id='word_1_198' title='bbox 886 2430 911 2466; x_wconf 89' lang='lat' dir='ltr'><strong>et</strong></span> 
     </span>
     <span class='ocr_line' id='line_1_27' title="bbox 72 2495 910 2562; baseline 0.006 -19"><span class='ocrx_word' id='word_1_199' title='bbox 72 2497 114 2559; x_wconf 90' lang='lat' dir='ltr'><strong>qui</strong></span> <span class='ocrx_word' id='word_1_200' title='bbox 125 2498 187 2545; x_wconf 89' lang='lat' dir='ltr'><strong>nihil</strong></span> <span class='ocrx_word' id='word_1_201' title='bbox 195 2499 282 2547; x_wconf 84' lang='lat' dir='ltr'><strong>doloris</strong></span> <span class='ocrx_word' id='word_1_202' title='bbox 297 2500 324 2546; x_wconf 93' lang='lat' dir='ltr'><strong>in</strong></span> <span class='ocrx_word' id='word_1_203' title='bbox 339 2514 435 2562; x_wconf 85' lang='lat' dir='ltr'><strong>corpore</strong></span> <span class='ocrx_word' id='word_1_204' title='bbox 451 2498 548 2556; x_wconf 87' lang='lat' dir='ltr'><strong>sentiat,</strong></span> <span class='ocrx_word' id='word_1_205' title='bbox 559 2500 639 2546; x_wconf 86' lang='lat' dir='ltr'><strong>animo</strong></span> <span class='ocrx_word' id='word_1_206' title='bbox 649 2498 801 2560; x_wconf 87' lang='lat' dir='ltr'><strong>perturbetur</strong></span> <span class='ocrx_word' id='word_1_207' title='bbox 813 2495 848 2558; x_wconf 85' lang='lat' dir='ltr'><strong>[v.</strong></span> <span class='ocrx_word' id='word_1_208' title='bbox 863 2498 910 2548; x_wconf 80' lang='lat'><strong>107</strong></span> 
     </span>
     <span class='ocr_line' id='line_1_28' title="bbox 72 2576 912 2641; baseline -0.001 -16"><span class='ocrx_word' id='word_1_209' title='bbox 72 2577 174 2640; x_wconf 82' lang='lat'><strong>-112],</strong></span> <span class='ocrx_word' id='word_1_210' title='bbox 193 2579 280 2641; x_wconf 86' lang='lat' dir='ltr'><strong>partim</strong></span> <span class='ocrx_word' id='word_1_211' title='bbox 299 2580 345 2626; x_wconf 94' lang='lat' dir='ltr'><strong>hoc</strong></span> <span class='ocrx_word' id='word_1_212' title='bbox 364 2579 447 2638; x_wconf 84' lang='lat' dir='ltr'><strong>everti,</strong></span> <span class='ocrx_word' id='word_1_213' title='bbox 466 2579 617 2641; x_wconf 87' lang='lat' dir='ltr'><strong>quodetiam</strong></span> <span class='ocrx_word' id='word_1_214' title='bbox 634 2579 660 2626; x_wconf 92' lang='lat' dir='ltr'><strong>in</strong></span> <span class='ocrx_word' id='word_1_215' title='bbox 679 2592 763 2626; x_wconf 83' lang='lat' dir='ltr'><strong>somno</strong></span> <span class='ocrx_word' id='word_1_216' title='bbox 780 2576 855 2625; x_wconf 88' lang='lat' dir='ltr'><strong>animi</strong></span> <span class='ocrx_word' id='word_1_217' title='bbox 877 2577 912 2624; x_wconf 82' lang='lat' dir='ltr'><strong>sit</strong></span> 
     </span>
    </p>
   </div>
   <div class='ocr_carea' id='block_1_6' title="bbox 0 0 969 2964">
    <p class='ocr_par' dir='ltr' id='par_1_6' title="bbox 0 0 969 2964">
     <span class='ocr_line' id='line_1_29' title="bbox 0 0 969 2964; baseline 0 0"><span class='ocrx_word' id='word_1_218' title='bbox 0 0 969 2964; x_wconf 95' lang='lat' dir='ltr'><strong> </strong></span> 
     </span>
    </p>
   </div>
  </div>
 </body>
</html>
