1928 2964
355 145 462 198 LIBER
479 144 618 198 SEXTUS.
855 150 906 200 205

67 249 104 301 Ilt
115 265 173 316 quae
185 253 354 300 concrescunt
366 249 394 299 in
406 247 519 299 nubibus
532 248 627 313 omnia,
639 264 759 314 prorsum

68 317 171 383 Omnia,
183 317 239 382 nix,
252 317 332 380 venti,
340 317 448 383 grando,
460 317 606 383 gelidaeque
618 317 728 384 pruinae,

67 385 103 438 Et
115 387 155 437 vis
167 403 264 452 magna
276 385 336 452 geli,
349 402 475 452 maguum
488 385 615 436 duramen
627 402 762 452 aquaram,
853 388 905 438 530

68 454 103 506 Et
115 471 198 520 mora,
211 472 270 522 quae
280 454 373 505 fluvios
385 455 482 520 passim
494 455 610 505 refrenat
622 455 766 506 aventesh:

67 522 196 575 Perfacile
208 531 248 574 est
259 529 347 574 tamen
359 522 415 573 haec
427 523 540 589 reperire
552 523 691 589 animoque
702 523 797 589 videre,

68 591 164 643 Omnia
176 608 228 659 quc
241 598 318 659 pacto
330 591 403 655 fiant,
417 607 530 657 quareve
542 599 671 657 creentur,

68 659 158 720 Quum
169 659 235 712 bene
247 661 372 727 cognoris,
384 660 520 711 elementis
531 659 635 711 reddita
647 677 705 728 quae
717 660 777 713 sint.

379 777 420 830 De
431 786 581 830 terraemotu.

101 864 180 916 Nunc
192 880 248 930 age,
261 880 319 930 quae
331 863 398 914 ratio
411 865 491 914 terrai
504 862 618 913 motibus
631 867 723 926 exstet,

66 931 189 1001 Percipe:
202 939 229 984 et
241 933 270 983 in
281 932 372 1000 primis
385 938 482 983 terram
493 931 536 982 fac
548 937 579 983 ut
590 948 644 983 esse
655 933 736 984 rearis

66 1001 163 1054 Subter
171 1002 242 1068 item,
255 1008 286 1052 ut
298 1017 392 1068 supera
404 1001 517 1052 ventosis
527 1000 644 1067 undique
653 1001 759 1068 plenam

66 1071 205 1139 Speluncis
216 1089 223 1133 ;
241 1069 388 1136 multosque
400 1069 474 1120 lacus
485 1068 634 1136 multasque
646 1068 754 1122 lacunas

66 1139 100 1191 In
112 1140 211 1206 gremio
223 1155 311 1205 gerere
323 1143 350 1189 et
361 1155 440 1205 rupes
453 1137 610 1204 diruptaque
623 1155 686 1189 saxa
693 1157 701 1202 3

65 1208 206 1275 Multaque
219 1206 267 1258 sub
279 1213 351 1272 tergo
364 1209 444 1258 terrai
456 1204 567 1256 fiumina
579 1212 650 1257 tecta
849 1211 901 1259 54)

65 1276 176 1328 Volvere
188 1277 216 1328 vi
227 1276 322 1326 fluctus
334 1275 517 1341 submersaque
529 1292 593 1326 saxa
604 1275 752 1342 putandum
765 1283 817 1328 est:

65 1345 190 1413 Undique
202 1344 272 1395 enim
284 1343 396 1395 similem
408 1361 461 1394 esse
474 1343 522 1410 sui,
534 1361 575 1394 res
587 1344 703 1411 postulat
716 1345 779 1411 ipsa.

101 1414 151 1465 His
163 1414 245 1480 igitur
256 1412 333 1464 rebus
346 1411 492 1479 subjunctis
505 1413 704 1480 suppositisque,

66 1481 146 1534 Terra
158 1499 269 1549 superne
281 1481 379 1547 tremit,
392 1481 494 1547 magnis
507 1498 632 1532 concussa
643 1481 728 1533 ruinis

65 1550 167 1617 Subter,
180 1550 226 1601 ubi
237 1550 357 1617 ingentes
369 1550 504 1617 speluncas
517 1550 619 1602 subruit
632 1556 707 1602 aetas:

67 1618 171 1687 Quippe
183 1619 281 1670 cadunt
295 1621 344 1671 toti
356 1625 464 1683 montes,
478 1636 623 1687 magnoque
635 1626 743 1688 repente

66 1687 197 1739 Concussu
209 1687 262 1739 late
274 1688 423 1756 disserpunt
435 1688 496 1738 inde
508 1694 644 1740 tremores:

65 1755 101 1807 Et
112 1757 219 1819 merito;
235 1758 358 1823 quoniam
370 1756 494 1824 plaustris
506 1774 630 1809 concussa
642 1759 796 1810 tremiscunt

65 1824 146 1877 Tecta
158 1825 229 1876 viam
240 1831 345 1893 propter
357 1843 410 1876 non
421 1843 516 1891 magno
528 1827 641 1892 pondere
653 1832 724 1889 tcta;

64 1893 120 1945 Nec
132 1894 219 1944 minus
232 1894 366 1946 exsultant
378 1894 453 1960 aedes,
464 1892 507 1944 ubi
520 1911 630 1960 cumque
643 1895 762 1960 equitum
774 1896 813 1946 vis
849 1900 900 1948 550

65 1962 185 2014 Ferratos
197 1963 329 2030 utrimue
341 1969 457 2014 rotarum
470 1962 583 2013 succutit
596 1962 674 2014 orbes.

100 2031 145 2082 llit
158 2048 268 2098 quoquc,
282 2031 325 2083 ubi
337 2048 445 2098 magnas
457 2032 485 2082 in
497 2048 570 2097 aquae
583 2037 721 2099 vastasque
732 2031 840 2084 mounes

65 2099 147 2151 Gleba
159 2105 291 2152 vetustate
303 2117 317 2151 e
329 2106 400 2152 terra
412 2100 574 2168 provolvitur
586 2101 686 2167 ingens,

65 2168 102 2220 Ut
111 2170 229 2236 jactetur
241 2186 315 2236 aquae
327 2169 411 2220 fluctu
424 2186 525 2236 quoque
537 2176 607 2222 terra
619 2170 761 2234 vacillans;

67 2236 102 2288 Ut
114 2255 161 2289 vas
172 2237 201 2288 in
213 2243 283 2289 terra
295 2255 347 2289 non
359 2238 418 2304 quit
430 2244 554 2304 constare,
566 2240 618 2290 nisi
630 2239 723 2290 humor

63 2304 174 2358 Destitit
186 2306 214 2357 in
226 2305 305 2358 dubio
316 2307 400 2358 fluctu
409 2308 533 2374 jactarier
545 2308 624 2372 intus.

98 2374 236 2441 Praeterea,
248 2381 342 2427 ventus
355 2392 436 2442 quum
448 2393 494 2443 per
506 2376 562 2427 loca
574 2376 688 2427 subcava
699 2381 774 2428 terra

64 2442 194 2495 Collectus
206 2449 282 2510 parte
294 2461 328 2496 ex
339 2461 394 2496 una
406 2443 563 2512 procumbit,
576 2451 603 2495 et
616 2450 691 2511 urget

64 2511 184 2564 Obnixus
196 2513 301 2579 magnis
313 2513 450 2580 speluncas
463 2512 562 2565 viribus
575 2513 657 2576 altas3

64 2580 198 2634 Incumbit
210 2581 296 2648 tellus,
308 2598 360 2650 quo
371 2582 446 2634 venti
456 2597 538 2648 prona
550 2582 646 2648 premit
658 2582 713 2636 vis:
847 2589 899 2638 560

382 2666 394 2697 Ι
407 2671 519 2718 aqueum
534 2667 582 2707 MS.
