1928 2964
334 131 444 186 LIBER
460 129 631 196 QUARTUS.
849 134 899 185 109

55 238 92 292 Et
103 236 186 291 vituli
197 252 280 305 quum
291 233 456 287 membranas
469 235 502 286 de
513 250 618 302 corpore
630 247 732 286 summe

56 309 202 360 Nascentcs
213 305 342 367 mittunt;
360 309 387 356 et
398 304 463 355 item
474 320 556 370 quum
568 302 668 355 lubrica
680 319 785 372 serpens

57 376 141 428 Exuit
153 374 277 441 inspinis
289 378 402 425 vestem:
419 388 563 440 nnmsaepe
574 372 693 424 videmus
915 435 922 446 .

56 445 170 496 Illorum
182 441 271 510 spoliis
283 441 369 508 vepris
381 439 555 493 volitantibus
566 446 665 493 suctus.
866 444 900 493 60

56 514 123 578 Quoe
136 511 261 580 quonium
272 511 350 576 fiunt,
362 510 450 561 tenuis
463 526 566 577 quoque
579 509 656 561 debet
667 509 754 578 imago

56 582 99 634 Ab
111 581 190 633 rebus
202 579 282 645 mitti,
296 595 396 630 summo
408 578 441 629 de
453 595 558 646 corpere
569 594 664 631 rerum.

56 650 83 703 N
83 667 136 716 sm,
148 665 196 700 sur
207 647 255 700 ills
268 647 365 699 cedent
376 647 468 714 magis,
480 647 513 698 sb
524 645 653 714 rebusque
664 647 796 714 recedant,

58 719 146 783 Quem
158 733 216 785 quae
228 717 320 768 tenuia
332 721 402 782 sunt,
414 716 533 767 hiscendi
544 722 584 768 est
595 716 671 774 nulls,
683 722 804 783 potestus.
895 719 900 776 j

58 786 211 839 Praesertim
223 802 305 853 quum
317 785 373 836 sint
385 785 414 836 in
426 784 534 836 summis
546 801 653 851 corpore
664 785 742 837 rebus

57 856 149 908 Multa
160 855 272 920 minute,
281 855 336 921 jusi
348 870 405 921 quae
418 854 519 921 possint
531 853 620 905 ordine
632 870 729 920 eorum,

59 924 120 985 Quo
131 923 240 990 fuerint,
252 930 367 974 veterem
379 928 406 974 et
418 922 508 973 formae
522 939 623 974 servare
634 923 763 990 figurem

59 995 95 1045 Et
108 993 194 1045 multo
206 991 291 1058 citius,
304 998 403 1058 quante
415 992 503 1042 minus
515 991 661 1059 indupediri

59 1062 150 1115 Pauca
162 1066 271 1129 queunt,
283 1067 311 1112 et
323 1067 385 1112 sunt
397 1060 426 1112 in
438 1061 523 1127 prims
535 1061 622 1112 fronte
634 1060 726 1113 locutu

94 1131 166 1183 Nem
177 1135 248 1182 certe
256 1129 311 1196 jaci
322 1136 403 1196 atque
415 1143 563 1196 emergere·
574 1129 660 1181 mults
671 1129 797 1197 videmus,
867 1131 902 1183 70

58 1200 86 1251 N
87 1217 123 1252 on
135 1199 220 1250 selum
232 1215 265 1251 ex
277 1197 339 1264 alte,
352 1198 515 1266 penitusque,
527 1203 559 1249 ut
572 1198 688 1250 diximus
700 1204 770 1267 ente,

59 1269 161 1320 Verum
173 1267 206 1318 de
218 1267 326 1318 summis
338 1268 347 1318 i
367 1283 425 1318 sum
437 1283 541 1334 quoque
552 1283 622 1335 saepe
633 1267 762 1321 colorem:

59 1338 96 1389 Et
108 1336 189 1403 vulgo
201 1335 303 1387 faciunt
315 1335 343 1387 id
349 1284 427 1386 dutes
439 1351 564 1403 russaque
575 1336 641 1402 vele,

59 1406 96 1457 Iit
107 1405 251 1472 ferrugine,
264 1421 347 1471 quum
358 1404 462 1470 magnis
474 1405 578 1456 intentu
590 1405 700 1458 theatris

59 1474 111 1526 Per
122 1472 205 1526 malos
218 1472 327 1539 vulgau
338 1472 476 1540 trabesque
488 1475 629 1526 trementia
639 1474 767 1527 flutantb:

60 1543 182 1610 Namque
194 1541 232 1592 ibi
243 1558 391 1594 consessum
403 1545 493 1593 cevee'i
505 1544 601 1610 subter,
614 1550 641 1596 et
653 1560 757 1595 omnem

59 1611 155 1665 Scenei
169 1611 288 1679 speciem,
300 1617 407 1678 petrum
418 1616 592 1679 metrumque,
605 1611 763 1681 deorumque

60 1680 197 1744 Inficiunt,
210 1687 360 1748 coguntque
372 1697 419 1731 suo
430 1679 534 1733 fluitare
546 1680 643 1734 colore:

59 1750 94 1801 Et
107 1753 208 1815 quante
220 1749 320 1800 circum
331 1766 408 1815 mage
420 1755 483 1800 sunt
494 1749 596 1802 incluse
608 1751 707 1803 theatri

59 1818 167 1883 Mennis,
179 1822 236 1869 tem
247 1818 332 1885 magis
343 1818 399 1869 haee
411 1817 484 1869 intus
496 1820 601 1886 perfusa
612 1820 700 1888 lepore
867 1824 901 1872 80

60 1887 156 1939 Omnis
169 1885 308 1952 corrident,
320 1895 440 1954 correpte
451 1887 511 1938 luce
523 1887 582 1940 diei.

59 1955 129 2022 Ergo
141 1954 226 2006 lintea
237 1955 269 2005 de
282 1973 383 2006 summo
396 1972 478 2022 quum
491 1973 596 2024 corpore
607 1957 700 2009 fucum

60 2024 187 2088 Mittunt,
200 2023 297 2090 effigies
309 2041 412 2091 quoque
425 2023 520 2076 debent
532 2026 637 2078 mittere
649 2032 741 2080 tenues

60 2093 111 2144 Res
124 2109 250 2159 qumque:
269 2109 303 2144 ex
315 2110 416 2144 summo
428 2094 550 2160 quoniam
559 2096 714 2162 jaculantur
724 2101 849 2164 utraeque.

59 2161 127 2213 Sunt
140 2161 224 2228 igitur
231 2162 290 2228 jem
301 2161 444 2213 formarum
457 2164 569 2230 vestigia
580 2172 659 2232 certa,

59 2230 124 2293 Quae
136 2229 216 2297 vulgo
228 2231 341 2283 volitent
354 2229 444 2282 subtili
456 2232 568 2299 praedite
579 2234 631 2301 file,

59 2299 114 2351 Nec
127 2299 286 2366 singillatim
297 2305 407 2367 pessunt
420 2298 518 2352 secrete.
529 2303 620 2354 videri.

93 2367 230 2433 Praeteres,
243 2368 327 2420 omnis
340 2368 407 2434 odos,
420 2370 517 2436 fumus,
529 2389 617 2438 vapor,
629 2375 709 2439 etque
721 2370 780 2422 alise
792 2387 833 2422 res

59 2436 220 2502 Ocnsimiles,
231 2435 290 2489 ideo
302 2437 404 2488 diffusae
415 2438 492 2489 rebus
505 2439 649 2505 abundant,

60 2506 102 2557 Ex
114 2505 170 2558 ulto
183 2505 253 2573 quis,
265 2506 330 2557 dum
343 2506 454 2558 veniunt
466 2508 634 2573 extrinsecus,
648 2513 712 2560 ortes
868 2511 903 2562 90

59 2575 224 2628 Scinduntur
236 2591 283 2642 per
294 2575 346 2626 iter
357 2575 455 2626 flexum
467 2594 474 2638 ;
493 2593 540 2627 nec
552 2583 625 2628 recte
636 2577 739 2628 viarum

10 2674 18 2851 ι
170 2668 262 2718 'iecere
272 2679 296 2706 se
303 2666 407 2718 uenturi:
423 2666 472 2706 MS.
615 2665 625 2693 δ
640 2670 730 2718 simum
745 2670 793 2711 m.
