1928 2964
334 165 443 218 LIBER
460 165 621 230 QUINTUS.
847 167 897 216 149

57 269 108 334 Qui
120 268 223 320 ratione
235 285 283 320 sua
295 267 444 320 disturbent
455 269 551 321 moenia
563 267 664 334 mundi,
847 269 898 318 120

57 338 269 405 Praeclerumque
281 337 364 389 velint
377 338 436 389 coeli
447 338 608 404 restinguere
621 337 708 403 solem,

59 406 223 459 Immortalia
234 406 340 457 mortali
352 422 468 457 sermone
480 412 608 458 notantes.

58 476 123 540 Quoe
134 475 226 544 procul
238 491 321 542 usque
333 476 397 526 adeo
409 475 499 527 divino
511 475 544 526 ab
556 475 665 526 numine
678 473 784 540 distent,

58 545 143 612 Inque
155 545 235 596 deitm
246 561 354 595 numero
368 561 426 611 quae
439 545 492 594 sint·
503 543 614 610 indigna
625 543 715 610 videri,

57 613 188 665 Notitiam
200 613 287 680 potius
299 613 413 681 praebere
425 618 456 663 ut
468 629 541 680 posse
553 618 688 680 putentur,

59 682 129 746 Quid
142 682 176 733 sit
188 682 264 734 vitali
275 688 348 733 motu
361 698 488 748 sensuque
500 687 636 732 remotum.

94 750 198 818 Quippe
210 749 305 802 etenim
318 767 371 801 non
383 756 430 813 est,
443 767 503 801 cum
515 750 606 817 quovis
619 766 723 817 corporo
735 753 766 800 ut
778 765 833 801 esse

58 817 137 871 Posse
149 819 231 870 animi
242 825 338 870 natura
349 824 459 887 putetur
471 818 673 885 consiliumque:

59 887 134 939 Sicut
145 887 174 938 in
186 887 282 940 aethere
294 905 347 938 non
359 887 441 951 arbor,
454 886 543 938 necin
555 903 657 954 aequore
669 886 736 938 salso

58 956 148 1008 Nubes
159 973 214 1008 esse
226 962 333 1023 queunt,
345 973 431 1023 neque
442 956 525 1023 pisces
538 955 624 1008 vivere
637 955 665 1006 in
677 955 754 1022 arvis,
845 957 896 1007 130

57 1024 84 1076 N
84 1041 114 1076 ec
126 1041 203 1076 oruor
212 1024 241 1075 in
253 1024 339 1092 lignis,
351 1041 399 1077 nec
412 1025 481 1075 saxis
493 1040 586 1075 succus
598 1024 693 1076 inesse:

58 1093 167 1146 Certum
178 1111 209 1146 ac
221 1093 376 1162 dispositum
388 1099 434 1160 est,
447 1093 493 1144 ubi
505 1093 633 1161 quidquid
645 1098 744 1144 crescat
756 1097 783 1144 et
795 1092 872 1145 insit:

133 1209 266 1263 Auimmn
277 1218 300 1264 ct
311 1209 431 1262 acimum
443 1227 498 1262 uoto
505 1227 580 1280 ⁴wate
591 1209 649 1262 siue
660 1227 764 1280 corpore
775 1227 831 1262 esee.

58 1293 103 1347 Sic
114 1294 197 1346 enimi
208 1300 304 1346 natura
315 1295 408 1362 nequit
420 1295 476 1347 sine
488 1312 592 1364 corpore
605 1296 667 1347 oriri

58 1363 128 1429 Sola,
139 1380 225 1431 neque
235 1380 251 1415 a
262 1363 348 1416 nervis
360 1369 387 1415 et
399 1364 526 1431 sanguine
538 1364 641 1432 longius
653 1381 714 1417 esse.
738 1376 741 1380 ⁴

59 1432 137 1496 Quod
149 1432 171 1483 si
182 1438 268 1501 posset
280 1433 357 1499 euim,
369 1433 454 1485 multo
465 1433 539 1502 prius
551 1434 607 1501 ipsa
619 1434 701 1486 animi
713 1432 753 1486 vis

59 1501 94 1553 In
105 1501 199 1569 capite,
212 1507 259 1553 aut
270 1502 393 1568 humeris,
405 1507 451 1553 ent
463 1503 522 1553 imis
534 1503 648 1554 calcibus
660 1520 714 1556 esse

59 1569 159 1636 Posset,
171 1579 198 1623 et
209 1570 311 1622 innasci
322 1571 415 1638 quavis
427 1571 456 1622 in
467 1577 542 1639 parte
554 1571 654 1638 soleret,

60 1638 179 1702 Quamde
190 1638 219 1690 in
231 1640 321 1691 eodem
333 1640 437 1691 homino
449 1647 528 1708 atquo
540 1640 568 1692 in
580 1641 670 1693 eodem
681 1657 743 1693 vase
759 1644 883 1692 maneret.

60 1707 137 1771 Quod
149 1708 272 1775 quoniam
284 1715 371 1760 nostro
383 1726 486 1776 quoque
498 1715 600 1761 constat
612 1727 716 1778 corpore
728 1715 836 1776 certum,

59 1776 274 1845 Dispositumque
286 1778 397 1844 videtur,
406 1779 453 1829 ubi
465 1794 519 1829 esse
531 1784 558 1829 et
570 1795 681 1831 crescere
693 1779 774 1847 possit
846 1780 896 1828 140

60 1844 181 1898 Seorsum
193 1847 281 1899 anima
292 1852 370 1914 atque
381 1847 501 1899 animus:
519 1853 593 1898 tanto
605 1847 689 1914 magis
700 1846 879 1913 inficiandum,

59 1913 157 1966 Notum
168 1931 243 1983 posse
255 1921 330 1968 extra
343 1932 442 1983 corpus,
454 1916 616 1983 formamque
628 1916 768 1968 animalem

59 1982 187 2035 Putribus
198 1984 228 2035 iu
239 1984 321 2052 glebis
333 1989 470 2051 terrarum,
482 1990 529 2036 ant
541 1985 601 2035 solis
612 1985 641 2036 in
653 1985 717 2053 igni,

60 2051 119 2104 Aut
131 2051 160 2102 in
171 2069 240 2120 aqua
252 2053 353 2120 durare,
366 2059 413 2105 aut
425 2053 486 2105 altis
499 2053 603 2104 estheris
616 2055 674 2107 oris.

60 2120 144 2174 Haud
156 2121 238 2189 igitur
250 2128 373 2174 constant
384 2122 472 2173 divino
484 2123 594 2190 praedita
607 2141 690 2190 sensu,

62 2189 280 2260 Quandoquidem
291 2198 424 2260 nequeunt
436 2191 553 2244 ritaliter
565 2209 619 2244 esse
631 2193 755 2244 animata.

208 2312 344 2366 Maeotium
355 2331 372 2366 e
384 2312 448 2366 Diis
459 2330 514 2366 uon
526 2329 575 2366 erse
586 2311 761 2364 ammiratum.

98 2399 170 2452 Illud
182 2400 246 2453 item
258 2416 311 2451 non
323 2406 363 2452 est
373 2405 406 2452 ut
418 2399 499 2468 possis
511 2399 620 2464 credere,
633 2397 706 2448 sedes

60 2467 127 2522 Esse
137 2468 217 2522 desim
229 2473 333 2521 sanctas
344 2470 373 2520 in
384 2468 477 2521 mundi
488 2465 607 2536 partibus
618 2465 688 2518 ullis.

61 2537 160 2592 dennis
171 2538 243 2592 enim
254 2543 350 2590 natura
361 2537 448 2604 deirm,
460 2536 588 2604 longeque
599 2540 699 2586 remote

62 2605 187 2662 Sensibus
199 2607 232 2660 ab
244 2606 346 2673 nostris,
358 2607 440 2659 animi
452 2605 498 2657 vix
509 2609 597 2655 mente
609 2603 720 2655 videtur.
851 2604 900 2652 150

62 2674 130 2744 Quo
141 2675 265 2748 quonism
275 2691 403 2727 munuum
415 2680 518 2728 tactum
530 2672 638 2742 suffugit
649 2678 678 2725 et
688 2672 784 2735 ictum,
