1928 2964
191 172 300 228 LIBER
317 172 460 226 PRIMUS

28 297 73 348 puae
84 278 147 332 loeo
159 277 327 345 complerent,
341 291 512 344 quaecumque
525 280 658 327 tenerent:

28 349 78 401 uod
89 354 138 415 est,
150 346 276 429 spatium,
287 363 402 398 vaenum
414 345 564 397 constaret'
557 361 642 397 mane.

32 417 118 486 igitur
129 415 257 467 nimirum
269 431 362 483 corpus
374 414 448 465 inani

28 503 77 553 rm,
89 485 216 554 quoniam
228 501 276 536 nec
287 484 396 552 plenum
408 483 530 551 gnaviter
541 488 636 550 exstet,

28 571 50 606 o
60 571 197 617 vaouum3
215 559 277 605 sunt
289 570 350 620 ergo
363 569 469 620 corpora
481 558 560 618 certa,

28 624 102 675 tium
113 622 191 691 pleno
203 623 304 690 possint
316 621 497 688 distinguere
489 638 576 673 inane

29 709 108 760 reque
119 691 227 743 dissolvi
238 691 323 772 plagis
336 691 498 742 extrinsecus
510 691 563 742 ieta

28 777 93 822 ‚nee
103 777 180 828 porro
192 761 298 828 penitus
310 766 449 828 penetrata
460 759 560 824 retexi,

29 847 79 881 one
91 834 193 898 queunt
205 829 258 881 alin
270 834 373 881 tentata
385 829 487 881 labare:

33 900 92 967 jam
104 915 183 966 supra
195 897 245 950 tibi
257 899 336 978 paulo
348 897 509 949 ostendimus
521 904 589 951 ante.

29 985 77 1036 que
89 967 210 1019 collidi
190 983 245 1019 sme
257 967 331 1018 inani
343 983 416 1035 posse
429 967 534 1019 videtur

29 1054 70 1103 sm,
83 1053 131 1087 neo
143 1037 238 1104 frangi,
251 1053 299 1088 nee
310 1036 393 1088 findi
386 1053 414 1087 ιιι
426 1035 489 1088 bina
501 1036 624 1088 secando:

29 1123 71 1158 ere
82 1105 226 1171 humorem,
238 1122 323 1173 neque
335 1106 400 1157 item
411 1104 542 1157 manabile
553 1105 645 1172 fripus,

29 1174 159 1227 etralem
151 1191 248 1255 ignem,
278 1174 355 1226 uibus
367 1174 455 1226 omnia
467 1174 648 1226 conficiuntur.

29 1261 135 1312 quaeque
146 1243 231 1311 magis
243 1261 273 1295 co
294 1243 399 1295 betros
411 1244 504 1294 intus
496 1259 582 1312 mane,

29 1313 74 1380 gis
86 1313 126 1364 his
137 1312 215 1364 rebus
227 1313 333 1394 penitus
345 1319 432 1364 tentat
433 1331 449 1364 a
421 1312 578 1365 tlabaseit.

38 1381 120 1434 solida
132 1399 162 1434 ae
175 1382 231 1434 sine
243 1382 316 1434 inani
329 1399 435 1449 corpora
447 1383 532 1450 prima

29 1469 42 1503 a
54 1451 94 1503 uti
106 1451 190 1518 docui,
203 1458 265 1502 sunt
277 1451 334 1502 haee
346 1460 443 1503 aeterna
456 1468 559 1503 neeesse
571 1457 617 1504 est.

29 1537 85 1586 rea,
97 1520 149 1571 nisi
161 1520 284 1572 materies
295 1527 330 1572 aet
332 1537 394 1572 erna
405 1520 506 1588 fuisset,

29 1589 81 1642 tasi
93 1589 207 1641 nihilum
219 1590 325 1658 penitus
337 1607 377 1641 res
390 1607 501 1659 quaeque
512 1589 656 1654 redissent;

29 1659 102 1726 loque
114 1665 190 1711 renat
191 1675 226 1712 as
179 1659 325 1711 tforent
337 1675 508 1727 qnaecumque
522 1659 647 1712 videmus.

29 1728 86 1780 iam
99 1745 178 1796 supra
190 1727 274 1794 docui,
286 1728 325 1779 nil
338 1745 411 1796 posse
424 1728 506 1780 creari

712 175 745 226 19

696 761 748 812 530

700 1453 751 1503 640

29 1799 57 1864 lo,
70 1813 162 1863 neque,
175 1797 244 1878 quod
253 1798 375 1865 genitum
387 1803 433 1865 est,
446 1797 480 1849 ad
493 1797 532 1849 nil
543 1798 673 1862 rovocari;
750 1856 752 1863 ,

29 1865 131 1919 mortali
143 1865 286 1934 primordia
298 1884 402 1934 corpore
415 1839 519 1934 iebent,

37 1952 88 2003 quo
100 1952 211 2003 quaeque
223 1953 342 2004 supremo
355 1942 470 2004 tempore
482 1936 590 2004 possint,

29 2011 83 2056 sut
96 2022 144 2074 sup
164 2005 247 2056 editet
259 2005 335 2056 rebus
348 2006 506 2074 reparandis.

29 2080 78 2125 ‚tur
91 2075 138 2125 soli
184 2074 326 2141 primordia
338 2075 514 2143 simplicitate,

29 2145 83 2195 lone
96 2150 197 2211 queunt
209 2143 261 2194 alia
274 2149 376 2195 servata
388 2161 434 2212 per
446 2162 533 2197 aevum

29 2212 72 2264 sito
81 2213 139 2279 jam
151 2218 267 2280 tempore
279 2230 320 2264 ree
331 2230 458 2281 reparare.

94 2334 192 2387 Contra
205 2333 344 2402 infinitum
355 2343 378 2386 et
389 2332 560 2386 indivisibile.

30 2437 77 2488 pue,
90 2420 112 2470 si
125 2419 227 2470 nullam
239 2419 318 2469 finem
330 2425 426 2470 natura
438 2423 555 2486 parasset

30 2489 78 2541 ldis
89 2488 175 2553 rebus,
184 2489 242 2554 jam
253 2505 360 2555 corpora
372 2488 494 2538 materiai

30 2558 124 2611 adacta
136 2557 231 2622 forent,
244 2573 298 2608 sevo
310 2557 449 2622 frangente
462 2555 554 2623 priore,

30 2674 31 2679 ,
44 2645 79 2680 ex
91 2626 145 2679 illis
158 2643 174 2678 a
186 2631 256 2677 corto
269 2632 384 2691 tempore
396 2630 483 2691 posset

234 2737 318 2776 qnoque
330 2731 397 2776 nata;
412 2725 465 2768 ΜΒ.
