1964 2970
338 148 447 200 LIBER
465 146 633 212 QUARTUS.
852 151 902 201 129

65 252 152 316 Quam
165 268 223 320 quae
234 250 386 320 percipiunt
398 251 491 317 oculos,
503 251 639 318 visumque
650 250 794 314 lacessunt;

65 321 184 389 Corporis
195 321 253 372 haec
266 321 388 386 qnoniam
400 326 540 387 penetrant
552 337 598 388 per
610 337 676 385 rara,
689 320 810 387 cientque

64 390 181 443 Tenuem
193 389 275 441 animi
286 395 410 440 naturam
421 388 499 454 intus,
512 404 666 456 sensumque
677 388 815 441 lacessunt.

101 458 244 511 Centauros
255 458 347 525 itaque
359 463 385 508 et
398 456 544 523 Scyllarum
556 457 672 508 membra
683 457 810 523 ridemus,

65 527 253 594 Cerbereasque
266 543 362 577 canum
373 526 469 592 fauces,
482 526 670 594 simulacraque
682 542 778 592 eorum,

66 596 183 660 Quorum
194 599 278 646 morte
290 594 361 646 obita
372 595 451 645 tellus
463 594 631 662 amplectitur
642 611 712 646 ossa:

66 663 151 717 Omne
162 681 252 731 genus,
265 663 390 729 quoniam
401 663 498 730 passim
511 663 649 715 simulacra
660 663 791 730 feruntur,

66 732 169 785 Partim
181 737 273 800 sponte
285 749 332 782 sua
344 748 402 798 quae
413 731 482 783 fiunt
495 733 555 783 aere
567 732 670 800 inipso,

66 801 168 854 Partim
180 818 238 869 quae
251 800 329 852 variis
342 799 375 851 ab
386 800 463 851 rebus
475 816 587 867 cumque
598 801 731 867 recedunt,

72 871 110 922 Et
121 887 179 938 quae
191 868 334 921 conficiunt
345 885 379 920 ex
390 868 485 921 horum
496 870 568 921 fecta
579 869 676 936 figuris.
852 867 904 922 740

66 938 137 991 Nam
149 943 218 990 certe
231 955 265 990 ex
277 939 337 995 rivo
350 937 474 989 Centauri
485 955 538 989 non
549 937 581 989 fit
592 938 686 1006 imago,

67 1007 150 1059 Nulla
160 1007 214 1059 fnit
226 1007 350 1075 quoniam
362 1007 423 1057 talis
434 1011 531 1058 natura
543 1007 656 1058 animai:

67 1075 167 1127 Verum
178 1076 224 1127 ubi
237 1076 298 1142 equi
310 1080 388 1142 atque
400 1075 513 1127 hominis
525 1093 587 1128 casu
599 1075 721 1127 convenit
732 1075 826 1142 imago,

69 1144 198 1197 Haerescit
208 1145 287 1197 facile
299 1144 438 1211 extemplo,
451 1144 520 1211 quod
533 1143 648 1196 diximus
660 1150 729 1210 ante,

67 1213 178 1282 Propter
190 1213 313 1265 subtilem
325 1218 448 1264 naturam
459 1218 486 1265 et
499 1213 590 1264 tenuia
601 1218 683 1264 texta.

104 1283 196 1334 Cetera
208 1282 240 1333 de
252 1298 346 1350 genere
358 1281 407 1333 hoc
419 1282 510 1344 callem
521 1282 623 1333 ratione
635 1286 763 1334 creantur.

69 1351 137 1412 Quae
150 1368 231 1419 quum
242 1349 373 1402 mobiliter
386 1368 487 1402 summa
498 1351 607 1403 levitate
618 1350 747 1417 feruntur,

10 1418 16 1423 ’
68 1420 107 1472 Ut
119 1420 191 1487 prius
203 1418 312 1485 ostendi,
324 1419 402 1471 facile
414 1437 465 1470 uno
476 1425 622 1474 commovet
633 1420 690 1471 ictu

69 1488 200 1552 Quaelibet
212 1506 265 1540 nna
276 1488 394 1539 animum
406 1489 479 1540 nobis
492 1489 595 1540 subtilis
607 1490 700 1555 imago.

69 1557 165 1610 'Pennis
177 1557 247 1608 enim
258 1574 331 1608 mens
343 1563 390 1624 est,
403 1563 430 1608 et
441 1558 506 1609 mire
517 1557 620 1609 mobilis
631 1559 695 1626 ipsa.
852 1558 902 1611 750

104 1625 170 1677 Haec
181 1625 245 1692 fieri,
258 1629 289 1678 ut
300 1643 420 1692 memoro,
433 1627 511 1679 facile
522 1627 584 1678 hinc
597 1643 749 1693 cognoscere
761 1627 850 1695 possis,

71 1695 205 1758 Quatenus
217 1695 267 1746 hoc
279 1695 363 1746 simile
375 1701 415 1747 est
426 1695 473 1761 illi,
486 1697 555 1763 quod
567 1703 655 1748 mente
667 1696 793 1762 videmus,

69 1763 157 1831 Atque
169 1764 249 1815 oculis
261 1763 340 1819 simili
351 1764 408 1816 fieri
419 1765 520 1816 ratione
531 1781 634 1816 necesse
646 1772 692 1817 est.

69 1832 147 1884 Nunc
158 1833 248 1899 igitur,
261 1833 338 1884 docui
350 1833 480 1900 quoniam,
492 1851 534 1885 me
546 1835 613 1885 forte
625 1833 731 1885 leonum

70 1901 179 1954 Cernere
191 1919 238 1970 per
249 1902 394 1967 simulacra,
407 1902 493 1953 oculos
506 1919 675 1970 quaecumque
686 1902 831 1955 lacessunt:

69 1969 141 2022 Scire
153 1970 222 2036 licet,
234 1976 350 2022 mentem
362 1971 441 2022 simili
452 1971 553 2023 ratione
564 1971 662 2024 moveri

69 2039 121 2090 Per
133 2038 270 2091 simulacra
280 2040 386 2091 leonum
399 2045 491 2106 cetera,
504 2057 562 2107 qnae
574 2040 646 2092 videt
658 2058 740 2107 aeque,

69 2107 125 2159 Nec
136 2107 230 2175 minus,
240 2114 319 2176 atque
328 2108 411 2172 oculi;
423 2109 474 2160 nisi
483 2109 552 2176 quod
562 2126 638 2176 mage
648 2110 738 2161 tenuia
750 2109 840 2163 cernit.

104 2175 159 2228 Nec
171 2177 271 2228 ratione
283 2177 343 2243 alia,
356 2194 438 2244 quum
451 2195 555 2229 somnus
566 2178 682 2230 membra
693 2178 817 2247 profudit,

70 2244 147 2297 Mens
159 2245 243 2297 animi
252 2246 354 2313 vigilat,
366 2246 417 2297 nisi
429 2263 482 2314 qua
494 2247 633 2299 simulacra
644 2247 776 2299 lacessunt
854 2246 904 2299 760

70 2312 136 2365 Haec
148 2313 240 2365 eadem
250 2321 351 2366 nostros
363 2315 470 2382 animos,
483 2333 548 2384 quae,
561 2333 643 2384 quum
655 2316 808 2382 vigilamus:

70 2382 159 2502 Usque
171 2381 243 2450 adeo,
255 2390 325 2435 certe
336 2390 369 2436 ut
381 2385 517 2436 videamur
529 2401 633 2436 cernere
645 2402 713 2451 eum,
725 2400 810 2453 quem,

71 2450 110 2503 Re
129 2450 185 2503 dita
197 2452 259 2519 vita,
269 2454 326 2520 jam
337 2470 405 2504 mors
418 2459 445 2504 et
456 2459 526 2505 terra
556 2454 623 2505 otita
635 2457 682 2506 est.

70 2518 129 2571 Hoc
141 2520 199 2572 ideo
210 2520 267 2572 fieri
279 2522 349 2588 cogit
360 2527 464 2588 natura,
477 2539 528 2590 quo
559 2539 647 2574 omnes

71 2588 189 2656 Corporis
201 2589 287 2641 effecti
299 2608 388 2643 sensus
401 2608 447 2661 per
459 2590 580 2646 membra
591 2591 749 2662 quiescunt,

64 2656 123 2710 Nec
128 2664 242 2723 possunt
251 2659 349 2714 falsum
363 2663 433 2719 veris
447 2665 615 2720 convincere
624 2663 722 2721 rebus.

496 2754 520 2793 K
