1928 2964
356 143 464 197 LIBER
481 144 620 198 SEXTUS.

68 246 185 310 Quorum
196 261 304 313 operum
316 261 407 296 census
419 245 493 297 nulle
504 247 606 298 ratione
618 245 706 299 videre

66 314 187 379 Possunt,
199 314 255 366 baec
267 314 323 365 fieri
336 314 424 366 divino
436 313 544 365 numine
556 321 654 367 rentur.

66 383 144 446 Nam,
156 382 221 434 bene
234 383 280 450 qui
292 383 413 447 didicere,
422 382 483 434 deos
496 399 617 434 securum
629 400 706 450 egere
718 401 812 452 oevum

65 450 95 504 si
107 458 196 505 tumen
208 452 308 504 intereo
319 451 457 516 mirantur,
469 468 522 518 quu
533 452 635 504 ratione

66 521 182 589 Quaeque
194 521 250 588 geri
261 519 369 588 possint,
382 521 525 587 praesertim
537 520 613 571 rebus
625 521 654 571 in
666 521 726 588 illis,

67 590 131 654 Quae
143 607 223 657 supra
235 597 316 658 ceput
328 588 442 640 aetheriis
455 595 599 639 cernuntur
610 589 639 639 in
651 590 710 657 oris,

66 657 166 711 Rursus
178 660 208 710 in
219 659 341 725 antiquus
353 657 505 708 refemntur
516 657 662 724 religiones,

65 725 102 778 Et
114 727 232 780 dominos
244 743 316 779 aeres
328 726 486 791 adsciscunt,
499 726 587 777 omnis
598 743 672 793 posse

66 796 138 859 Quos
149 796 237 847 miseri
249 796 367 861 credunt,
379 795 473 861 ignari,
486 794 551 862 quid
563 801 643 861 quent
655 812 720 861 esse,

66 864 137 927 Quid
150 871 277 932 nequeut3
289 864 366 916 finita
377 869 493 930 potestus
505 864 618 930 denique
630 864 726 931 cuique

65 932 188 996 Quonam
199 933 234 984 sit
244 933 353 998 ratione,
366 938 445 999 atque
457 931 511 984 ulte
523 933 650 984 terminus
662 933 771 987 haerens.

65 1001 124 1065 Quo
135 1001 220 1069 magis
231 1008 347 1054 errantes
359 1018 428 1053 caeee
438 1001 540 1052 ratione
552 1002 681 1054 feruntur.

101 1071 166 1135 Quae
178 1070 229 1121 nisi
240 1071 340 1138 respuis
352 1088 386 1122 ex
397 1069 493 1136 animo,
505 1069 633 1137 longeque
645 1070 766 1137 remittis,

64 1137 115 1192 Dis
127 1139 237 1206 indigns
248 1147 348 1208 putere,
361 1139 499 1206 alienaque
511 1139 582 1206 pacis
594 1156 690 1206 eorum,

64 1206 189 1260 Delibutu
201 1207 280 1259 desim
292 1225 338 1277 per
349 1214 376 1260 te
388 1207 438 1258 tibi
449 1208 559 1258 numina
571 1216 662 1260 saneto

65 1274 141 1345 Saepe
153 1275 277 1330 oberunt:
295 1294 355 1343 non,
367 1292 419 1344 quo
431 1275 523 1327 violari
536 1293 637 1327 summa
649 1275 729 1328 deilm
741 1275 781 1328 vis

64 1342 159 1411 Possit,
172 1350 203 1397 ut
215 1362 248 1396 ex
259 1345 300 1397 ire
311 1363 400 1412 poenes
412 1351 501 1411 petere
512 1344 623 1396 imbibat
636 1362 722 1408 ucres3

64 1413 117 1466 Sed
130 1414 192 1482 quis
203 1419 261 1465 tute
274 1414 330 1480 tibi,
342 1413 447 1494 placide
458 1430 519 1464 eum
531 1430 595 1480 pace
607 1414 718 1480 quietus,

65 1481 214 1535 constitues
224 1499 334 1549 magnos
345 1498 443 1535 nurum
455 1482 558 1533 volvere
570 1481 679 1543 fluctum

65 1550 243 1603 Neo‘delubru
254 1551 334 1603 desim
345 1551 448 1619 placido
460 1567 520 1600 eum
533 1556 636 1617 pectore
648 1550 746 1614 odibis;

64 1618 128 1685 Nee,
141 1619 174 1670 de
186 1635 291 1687 corpore
303 1637 362 1688 quse
375 1625 464 1671 sancto
476 1619 615 1671 simulacre
626 1620 756 1687 feruntur,

65 1685 100 1740 In
111 1694 212 1740 mentes
224 1688 359 1740 hominum
371 1688 468 1740 divinae
480 1689 575 1740 nuntia
586 1689 683 1755 formae,

64 1755 202 1824 Suscipere
214 1757 269 1808 haeo
281 1758 363 1809 animi
375 1757 519 1824 tranquilla
530 1774 594 1823 paee
606 1758 712 1810 valebis.

64 1823 132 1877 Inde
144 1825 232 1877 videre
243 1825 312 1891 lieet,
324 1825 408 1893 quelis
417 1826 474 1892 jum
485 1825 542 1876 vite
553 1833 697 1891 sequeturz

65 1893 151 1958 Quem
162 1893 267 1961 quidem
278 1906 310 1946 ut
321 1912 338 1946 u
349 1894 423 1946 nobis
433 1894 501 1945 ratio
514 1894 647 1946 verissimo
658 1894 735 1959 longe

64 1961 185 2030 Rejiciat,
198 1979 356 2030 quemquem
369 1970 431 2014 sunt
443 1980 460 2014 u
471 1979 513 2013 me
525 1961 610 2012 multu
622 1962 746 2028 profectu,

63 2029 153 2082 Multo
164 2037 254 2082 tumen
265 2037 374 2097 restent,
387 2038 414 2083 et
427 2036 489 2082 sunt
500 2029 617 2081 ornanda
629 2029 718 2098 politis

63 2097 195 2165 Versibus,
208 2105 235 2151 et
245 2100 313 2152 sntio
325 2099 449 2168 supersim
460 2099 570 2165 coelique
581 2099 702 2151 tenende

62 2167 132 2221 Sunt
144 2174 312 2236 tempestates
324 2174 351 2220 et
362 2168 476 2220 fulmins
487 2167 557 2219 clera
569 2168 693 2234 eunendu,

63 2236 133 2301 Quid
145 2236 253 2301 facient,
262 2244 289 2288 et
301 2254 354 2305 quo
366 2237 398 2289 de
410 2254 489 2289 eausa
501 2253 634 2304 quumque
646 2237 780 2299 ferentum

61 2303 104 2357 Ne
115 2305 237 2373 trepides,
250 2306 308 2356 coeli
320 2305 411 2357 divisis
423 2304 542 2373 pertibus
554 2321 651 2369 umens,

61 2372 140 2425 Unde
152 2373 242 2425 voluns
253 2374 323 2441 ignis
335 2375 489 2441 pervenerit,
501 2374 589 2426 autin
601 2379 689 2424 utram
701 2390 728 2425 se

62 2441 178 2495 Verterit
190 2441 253 2494 hino
265 2449 383 2510 purtem:
402 2460 452 2509 quo
464 2449 541 2510 poeto
554 2458 600 2508 per
611 2441 668 2492 loca
680 2448 754 2509 septu

61 2509 217 2575 Insinuurit,
230 2517 257 2562 et
269 2511 331 2562 hinc
343 2511 493 2562 dominatus
506 2518 537 2561 ut
549 2510 675 2562 extulerit
687 2527 721 2563 se.

61 2579 179 2642 Quorum
192 2595 298 2646 operum
310 2596 401 2630 ceusu
412 2579 487 2631 nullu
498 2579 599 2630 ratione
611 2579 699 2631 videre

59 2647 182 2715 Possunt,
193 2664 224 2701 ee
235 2647 292 2700 fieri
304 2647 393 2700 divino
404 2649 509 2700 nomine
520 2653 619 2700 rentur.
