1928 2964
342 148 451 202 LIBER
467 147 656 203 SECUNDUS.
866 154 896 202 tr

55 252 91 304 Et
103 267 260 320 procursus⁰
273 254 339 304 item
351 253 379 304 in
391 253 506 321 proclive
517 251 640 304 volubilis
653 241 747 304 exstet.

89 321 184 373 Omnis
195 328 336 390 postremo,
348 339 406 389 quae
418 326 518 389 puncto
531 328 647 387 tempore
660 322 744 372 cernis

55 389 196 458 Diffugere,
208 396 240 442 ut
252 392 364 456 fumum,
377 391 493 456 nebulas,
505 389 682 456 flammasque,
695 405 799 442 necesse
811 395 858 456 est,

56 458 84 510 Si
95 460 183 511 minus
196 460 285 511 omnia
298 466 361 510 sunt
374 477 388 510 e
401 459 510 510 laevibus
523 465 602 525 atque
614 458 741 526 rotundis,

55 529 92 580 At
103 545 157 580 non
170 545 224 580 esse
236 534 327 579 tumen
339 527 471 595 perplexis
483 526 648 594 indupedita,

56 596 178 664 Pungere
189 597 232 648 uti
244 597 345 665 possint
358 614 458 664 corpus,
470 603 658 663 penetrareque
671 613 746 648 sexu:

56 665 111 716 Nec
123 673 214 717 temen
226 666 324 717 hoerere
336 666 406 717 inter
418 683 452 730 so,
463 665 533 732 quod
543 665 674 736 ,quisquer
686 666 805 718 videmus
848 671 899 718 460

57 733 181 786 Sentibus
194 751 248 786 esse
261 734 367 787 dutum:
385 735 463 786 facile
475 740 507 784 ut
519 750 671 800 cognoscere
683 736 771 802 possis,

56 802 82 855 N
83 820 117 855 on
129 820 144 854 e
156 802 296 872 perplexis,
309 803 354 854 scd
366 803 451 855 acutis
463 819 518 854 esse
530 803 673 855 elementis.

365 913 405 966 De
416 911 508 965 sudore
519 912 593 965 salso.

91 1009 143 1062 Sed
156 1008 227 1076 quod
239 1026 328 1062 amere
339 1009 413 1062 vides
425 1009 523 1074 eudem,
536 1025 593 1076 quae
605 1008 704 1061 fluvida
717 1016 846 1078 constant,

58 1077 143 1130 Sudor
155 1079 197 1130 uti
209 1079 288 1130 maris
299 1084 347 1145 est,
359 1079 467 1129 minime
478 1078 598 1130 mirabile
611 1078 761 1130 habendum
769 1098 788 1130 s.

57 1147 83 1199 N
83 1165 127 1199 am
140 1146 211 1215 quod
222 1146 351 1200 fluvidum
363 1153 409 1213 est,
422 1164 436 1198 o
448 1146 556 1198 laevibus
568 1153 648 1214 etque
659 1148 779 1199 rotundis

58 1216 119 1269 Est:
138 1222 167 1268 et
178 1215 288 1268 lsevibus
300 1222 381 1284 atque
392 1216 512 1268 rotundis
524 1216 611 1267 mixte
623 1215 718 1267 doloris

58 1285 92 1337 00
141 1302 187 1347 ra;
205 1302 253 1336 nec
265 1291 354 1337 tumen
366 1285 423 1336 haec
435 1286 546 1336 retinere
558 1284 665 1336 humata
677 1302 780 1337 necesse
792 1293 844 1340 est:

57 1353 98 1406 Sc‘
114 1354 165 1405 'cet
177 1370 232 1404 esse
243 1352 349 1420 globosa
360 1360 457 1420 tamen,
470 1370 551 1421 quum
564 1354 684 1420 squalida
695 1361 822 1423 constent,

58 1422 182 1475 Provolvi
194 1422 273 1474 simul
285 1429 317 1474 ut
328 1424 428 1491 possint
441 1428 468 1473 et
479 1422 573 1474 laedero
586 1440 684 1477 sensus„

353 1535 394 1588 De
405 1551 475 1605 aqua
487 1535 604 1590 marim.

92 1629 129 1684 Et
141 1648 194 1699 quo
205 1631 291 1684 mixto
302 1637 379 1700 putes
391 1632 476 1699 magis
488 1649 579 1700 aspere
591 1631 700 1684 laevibus
712 1650 767 1686 esse
787 1681 789 1686 ,
848 1638 898 1687 470

58 1699 207 1768 Principiis,
219 1701 290 1752 unde
302 1707 342 1753 est
354 1701 473 1769 Neptuni
485 1718 577 1769 corpus
590 1700 727 1756 acerbum:

58 1769 107 1821 Est
119 1769 187 1821 ratio
200 1770 351 1821 secernendi
363 1787 528 1838 seorsumque
540 1770 655 1822 videndi.

59 1838 163 1890 Humor
175 1838 266 1905 dulcis,
279 1837 324 1890 ubi
336 1856 383 1907 per
394 1845 476 1891 terras
489 1838 603 1890 crebrius
614 1840 686 1891 idem

58 1906 218 1974 Percolotur,
230 1914 261 1959 ut
272 1908 302 1958 in
313 1909 416 1960 foveam
427 1908 493 1959 fluet
504 1925 535 1960 ac
547 1914 718 1962 mansuescat.

58 1976 170 2044 Linquit
181 1976 252 2028 enim
264 1993 344 2044 supra
355 1977 435 2028 tetri‘
448 1977 590 2044 primordia
601 1977 652 2030 viri

59 2045 167 2114 Aspera,
180 2062 232 2114 quo
243 2047 328 2113 magis
341 2046 370 2097 in
382 2047 457 2098 terris
469 2045 608 2098 haerescere
620 2048 728 2116 possint.

337 2157 456 2227 Fiqeres
467 2176 516 2212 erre
528 2158 631 2213 multas.

95 2253 172 2318 Quod
184 2254 310 2322 quonism
322 2254 405 2320 docui,
417 2273 525 2323 pergem
537 2261 689 2309 connectere
701 2273 764 2322 rem,
777 2273 836 2324 quae

59 2322 102 2375 Ex
114 2323 164 2375 hoc
176 2330 239 2392 apte
251 2324 331 2375 fidem
343 2324 430 2376 ducit:
448 2325 590 2393 primordie
601 2343 690 2377 rerum

60 2391 150 2445 Finita
163 2393 264 2446 veriore
275 2393 420 2462 figurarum
431 2395 539 2446 ratione.

61 2462 136 2527 Quod
148 2462 171 2514 si
182 2479 237 2514 uon
248 2462 288 2514 itu
301 2462 342 2528 sit,
354 2479 458 2514 rursum
467 2465 525 2530 jem
537 2463 636 2514 semina
648 2461 769 2530 quaedem
850 2464 900 2514 480

61 2530 123 2584 Esse
135 2531 241 2584 infinito
253 2531 386 2583 debeth
398 2532 510 2600 corporis
522 2539 611 2584 suctu.

114 2637 123 2656 ·
137 2626 259 2678 perculsus3
275 2624 322 2664 MS.
618 2633 628 2659 Ρ
642 2624 801 2676 quodcumqu03
814 2626 863 2665 MS.

112 2685 121 2712 ⁴
138 2682 212 2730 debon
228 2680 277 2721 MS·
625 2677 902 2730 *summissumffi
918 2692 932 2783 p
