1964 2970
102 141 154 191 192
414 132 443 189 Ψ.
461 132 629 187 Lucaurn

135 238 175 290 Tu
186 235 261 303 mihi,
273 251 400 303 supremas
412 234 566 302 prescripta
577 234 612 286 ad
624 233 737 287 candida
748 234 826 288 callis

102 305 231 372 Currenti,
244 305 359 373 spatium
371 311 550 371 praemonstra,
562 303 658 354 callida
670 303 756 369 Musa,

102 375 224 442 uouiope,
236 374 338 441 requies
350 373 493 438 hominum,
505 371 649 438 divirmque
661 371 784 440 voluptas
795 391 802 435 ;

101 444 138 496 Te
150 444 215 496 duce
226 448 259 494 ut
270 442 400 509 insignem
411 441 514 508 capiam
526 456 586 492 cum
597 439 675 492 laude
687 457 818 494 coronam

437 560 478 614 Dc
489 560 597 614 tonitru

136 649 276 717 Principio,
288 647 390 699 tonitru
401 647 559 715 quatiuntur
570 645 667 697 caenrla
679 645 745 714 coeli,

101 719 242 786 Propterea
254 718 316 785 quia
327 721 493 780 concurrunt,
507 714 618 766 sublime
630 714 755 781 volantes,

101 787 227 838 AEtheriae
239 785 328 851 nubes,
341 792 431 835 contra
442 781 617 851 pugnantibu'
630 784 723 836 ventis

101 857 127 908 N
127 873 156 907 ec
167 854 200 906 fit
211 855 281 906 enim
293 854 392 905 sonitus
404 853 463 904 coeli
474 853 507 904 de
519 858 593 919 parte
606 868 711 914 screna3

102 924 209 990 Verum,
222 924 380 989 ubicumque
391 921 476 987 magis
488 921 568 971 denso
580 926 642 971 sunt
654 922 758 986 agmine
769 922 863 992 nubes,
890 927 938 978 100

102 993 166 1045 'lam
178 993 261 1059 magis
273 992 335 1042 hinc
347 1007 442 1056 magno
454 989 574 1040 fremitus
586 989 617 1040 fit
629 1006 761 1042 murmure
774 1009 853 1062 soepe.

137 1062 272 1126 Praeterea,
285 1076 369 1126 neque
381 1065 437 1109 tam
449 1057 577 1109 condenso
589 1075 694 1126 corpore
705 1059 789 1112 nubes

101 1131 164 1182 Esse
176 1135 284 1198 queunt,
297 1145 376 1194 quam
388 1125 561 1194 suntlapides
573 1143 603 1177 ac
616 1127 704 1193 tigna;
722 1145 809 1196 neque
820 1137 911 1184 antem

101 1199 166 1250 'lam
179 1206 278 1263 tenues,
291 1213 370 1263 quam
383 1202 445 1246 sunt
456 1194 557 1246 nebulae
569 1195 689 1261 fumique
701 1196 827 1254 volantes.

102 1267 170 1318 Nam
183 1267 274 1318 cadere
286 1272 334 1317 aut
345 1265 422 1315 bruto
434 1262 558 1314 deberent
569 1264 682 1331 pondere
694 1281 794 1333 pressae,

102 1335 139 1387 Ut
152 1335 265 1403 lapides3
283 1342 337 1399 aut,
350 1341 381 1384 ut
392 1332 487 1398 fumus,
500 1338 617 1383 constare
629 1333 776 1401 nequirent,

102 1404 156 1455 Nec
169 1404 287 1455 cohibere
299 1403 371 1454 nives
384 1401 483 1467 gelidas
496 1406 523 1451 et
535 1401 669 1466 grandinis
681 1400 783 1456 imbres.

136 1473 209 1525 Dant
221 1472 301 1523 etiam
314 1471 428 1522 sonitum
440 1469 525 1536 patuli
538 1487 615 1537 super
627 1486 731 1536 aequora
742 1472 844 1538 mundi,

103 1541 230 1592 Carbasus
243 1546 273 1591 ut
286 1539 424 1605 quondam,
436 1538 539 1603 magnis
551 1539 655 1590 intenta
667 1538 786 1607 theatris,

102 1609 155 1661 Dat
168 1609 303 1675 crepitum,
316 1607 397 1658 malos
409 1607 479 1656 inter
486 1609 589 1672 jactata
601 1606 751 1674 trabesque:
887 1612 938 1660 110

104 1678 242 1729 Interdum
254 1676 378 1743 perscissa
390 1675 456 1725 furit
468 1675 649 1742 petulantibus
661 1676 738 1742 auris,

102 1745 137 1797 ilt
151 1745 254 1812 fragiles
267 1745 366 1794 sonitus
378 1743 528 1793 chartarum
540 1744 739 1795 commoditatur
746 1763 754 1808 3

103 1815 134 1865 Id
147 1830 249 1882 qnoque
261 1813 331 1863 enim
343 1828 425 1879 genus
437 1812 465 1861 in
477 1811 579 1862 tonitru
591 1828 743 1878 cognoscere
755 1814 850 1881 possis:

102 1884 158 1934 Aut
171 1883 216 1934 ubi
228 1898 378 1948 suspensam
390 1886 489 1931 vestem
502 1880 637 1931 chartasvc
650 1881 767 1933 volantes

104 1951 260 2002 Verberibus
272 1951 345 2002 venti
358 1955 470 2013 versant,
482 1948 664 2015 planguntque
676 1967 721 2016 per
733 1967 817 2003 auras.

138 2021 181 2070 Fit
193 2035 295 2086 quoque
305 2019 375 2068 enim
387 2017 563 2082 interdum,ut
571 2034 623 2067 non
631 2025 686 2069 tam
695 2035 848 2073 concurrere
856 2020 939 2072 nubes

103 2088 244 2140 Frontibus
257 2087 370 2137 adversis
382 2086 489 2151 possint,
502 2102 581 2151 quam
594 2086 626 2136 de
638 2086 720 2138 latere
731 2087 777 2154 ire,

103 2158 211 2209 Diverso
223 2163 295 2205 motu
308 2154 428 2204 radentes
441 2170 547 2219 corpora
559 2155 679 2206 tractim:

103 2227 199 2277 Aridus
211 2223 281 2275 unde
293 2239 368 2273 aures
380 2227 465 2288 terget
478 2239 555 2273 sonus
567 2223 619 2288 ille,
632 2224 729 2290 diuque

103 2296 222 2359 Ducitur,
235 2293 356 2343 exierunt
368 2291 448 2341 donec
460 2290 608 2356 regionibus
621 2292 706 2344 arctis.
891 2297 940 2345 120

138 2364 195 2415 Hoc
208 2362 288 2413 etiam
299 2368 376 2427 pacto
388 2359 488 2410 tonitru
501 2375 625 2410 concussa
636 2361 760 2412 videntur

103 2431 198 2483 Omnia
210 2446 277 2495 saepe
289 2429 363 2494 gravi
375 2434 491 2489 tremere,
504 2434 530 2478 et
543 2427 645 2479 divulsa
656 2437 764 2495 repente

102 2500 221 2550 Maxima
233 2498 373 2548 dissiluisse
386 2498 486 2563 capacis
498 2495 594 2546 moenia
605 2497 712 2560 mundi;
783 2496 790 2506 '

98 2567 186 2631 Quum
199 2566 288 2619 subito
301 2565 383 2618 validi
394 2565 468 2616 venti
479 2563 587 2614 collecta
599 2565 713 2630 procella

80 2635 214 2692 Nubibus
226 2638 338 2692 intorsit
351 2653 418 2705 sese,
430 2633 609 2698 conclusaque
617 2631 727 2694 ibidem,
