1928 2964
83 141 135 191 100
385 134 413 188 Τ.
432 134 600 187 LUORETII

82 240 138 293 Nec
149 244 265 292 removet
278 238 341 290 setis
353 255 370 289 e
381 238 496 305 projecto
508 253 628 304 corpore3
647 241 674 288 et
685 235 755 288 illud

40 329 48 369 J
82 309 115 362 Se
127 309 213 376 fingit,
226 324 354 374 sensuque
366 323 412 358 suo
424 307 587 358 contaminat
599 306 714 358 adstans.

32 382 40 413 ='
82 375 154 430 Hinc
166 378 328 443 indignatur,
341 393 368 427 se
379 375 517 426 mortalem
529 392 584 426 esse
596 381 715 426 creatum
722 392 731 437 ;

82 446 137 499 Nec
149 447 229 511 ridet,
241 446 269 496 in
281 462 343 498 rere
354 443 459 495 nullum
470 444 526 495 fore
537 450 621 495 morte
632 443 716 494 elium
728 458 763 509 se,

83 515 135 578 Qui
146 516 228 583 possit
239 514 316 566 rivus
328 513 377 565 sibi
389 530 416 564 se
428 513 518 579 lugere
530 518 704 589 peremptum,

82 583 220 651 Stansque,
228 585 361 650 J'ocentem
372 581 619 682 delacereriurlre,
632 581 727 634 dolere.
871 580 922 632 900

312 694 437 764 Hyrcani
448 710 503 745 ooo
514 701 590 744 erant
601 689 692 744 acerbi.

81 788 151 840 Nem
163 786 225 839 siin
236 794 320 840 morte
331 787 430 840 melum
442 791 489 853 est,
499 785 576 838 melis
588 801 726 852 morsuque
737 783 857 839 ferarum

81 857 214 920 [directam
231 872 287 908 non
298 857 411 921 invenio,
424 857 470 923 qui
481 872 534 907 non
546 855 581 906 sit
593 853 724 920 acerbum,

82 925 190 993 Ignibus
202 925 355 993 impositum
367 925 458 976 calidis
470 931 610 976 torrescere
621 923 750 987 flammis3

82 997 138 1046 Aut
150 995 178 1046 in
190 995 267 1046 melle
280 994 361 1046 situm
372 993 506 1056 suffocari;
524 999 604 1061 etque
615 993 700 1060 rigere

81 1064 196 1131 Frigore,
208 1080 291 1130 quum
303 1080 404 1114 summo
415 1062 496 1129 gelidi
508 1061 588 1114 cubet
600 1079 703 1129 aequore
715 1063 788 1116 sexi:

81 1133 206 1222 [Jpgerire
218 1149 328 1200 superne
340 1131 467 1183 obtritum
479 1131 592 1199 pondere
604 1137 687 1183 terr-ee.

115 1203 140 1253 N
141 1219 185 1253 em
192 1202 250 1270 jem
262 1217 315 1252 non
327 1199 418 1252 domus
430 1201 542 1269 accipiet
554 1206 581 1251 te
593 1200 662 1267 laete,
674 1217 760 1269 neque
772 1218 841 1255 uxor

82 1271 195 1338 Optime,
208 1288 257 1322 nec
269 1270 358 1321 dulces
371 1275 506 1322 occurrent
518 1270 607 1321 oscula
618 1270 676 1321 neti

82 1341 231 1407 Praeripere‚
243 1345 270 1391 et
282 1340 365 1390 tecita
376 1344 468 1406 pectus
480 1338 619 1390 dulcedine
631 1344 750 1406 tongent.

80 1407 141 1460 Non
153 1408 249 1475 poteris
261 1408 339 1460 factis
351 1407 503 1459 florentibus
515 1424 570 1459 esse
582 1408 687 1475 tuisque
868 1412 920 1462 910

81 1475 236 1529 Praesidium
248 1495 254 1528 ε
272 1476 365 1528 misero
377 1476 471 1527 misere
483 1476 568 1542 aiunt,
579 1477 668 1528 omnic
680 1477 781 1531 ademit

80 1545 140 1596 Une
153 1545 207 1596 dies
219 1545 316 1597 infeste
327 1544 378 1597 tibi
389 1551 430 1596 tot
441 1545 550 1612 preemie
562 1545 632 1598 vites.

81 1613 152 1666 Illud
164 1614 192 1664 in
204 1614 246 1665 his
257 1613 334 1666 rebus
346 1631 400 1666 non
411 1613 522 1680 addunt,
535 1614 560 1664 N
561 1631 590 1666 ec
603 1615 652 1666 tibi
665 1630 756 1666 esrum

80 1682 99 1734 J
100 1700 144 1734 am
156 1683 313 1735 desiderium
325 1683 422 1735 insidet
434 1700 521 1734 rerum
533 1683 641 1751 insuper
652 1700 706 1734 une
713 1682 744 1736 ¹..

81 1750 156 1813 Quod
168 1750 233 1803 bene
246 1752 267 1802 si
280 1751 388 1804 viderent
400 1752 494 1816 animo,
507 1752 637 1819 dictisque
650 1759 810 1819 sequentum
914 1806 917 1810 .

80 1818 230 1872 Dissolvent
242 1821 324 1872 enimi
336 1837 431 1887 megno
444 1837 470 1871 se
482 1837 578 1887 angore
590 1828 721 1888 metuque.

79 1888 119 1939 uu
132 1888 238 1956 quidem
250 1895 282 1940 ut
294 1907 321 1940 es
332 1889 400 1940 lecto
413 1889 519 1956 sopitus,
532 1890 568 1940 sic
581 1891 630 1941 eris
643 1890 692 1942 aevi

79 1956 155 2020 Quod
168 1963 293 2024 superest,
305 1958 405 2009 cunctis
418 1959 531 2025 privetu'
544 1959 675 2011 doloribus
688 1959 764 2027 eegrls
777 1979 785 2023 ;

79 2026 116 2078 At
128 2043 174 2077 nos
187 2026 305 2077 horrifico
318 2027 478 2078 cinefactum
490 2033 516 2078 te
529 2045 608 2095 prope
620 2027 697 2080 busto

80 2093 269 2147 Insatiabiliter
281 2093 433 2146 deflebimus
445 2114 451 2158 3
469 2102 649 2164 aeternumque
707 2130 740 2174 ἦ,
866 2101 920 2152 920

79 2162 161 2217 Nulla
173 2163 228 2215 dies
240 2161 313 2214 nobis
324 2180 461 2215 moerorem
472 2182 487 2217 e
498 2172 602 2232 pectore
613 2165 708 2218 demet.

80 2231 152 2284 Illud
164 2231 258 2285 abhoc
270 2232 353 2300 igitur
365 2234 534 2299 quaerendum
546 2240 593 2299 est,
606 2235 669 2302 quid
682 2235 716 2286 sit
728 2236 814 2288 emeri

79 2299 231 2370 Tentopere.
243 2301 277 2353 ed
290 2318 410 2353 somnum
422 2303 444 2353 si
455 2319 495 2354 res
507 2303 576 2354 redit
587 2310 665 2371 atque
677 2304 803 2374 quietem,

80 2368 132 2425 Gur
143 2371 283 2438 quisquam
295 2375 391 2423 aeterno
403 2371 484 2439 possit
497 2371 627 2424 tabescere
639 2372 734 2426 luctui

353 2479 429 2529 lenper
438 2478 488 2517 insit
497 2483 518 2518 et
527 2456 580 2529 irne;
597 2480 645 2521 Me.
