1928 2964
72 147 125 197 146
217 124 221 131 '
383 145 643 200 nnncnnnn‘

72 248 168 301 Dulcia
180 247 344 316 permulcent
355 249 456 301 animos
469 247 562 301 solatia
574 250 646 302 vitae.

108 317 230 369 Herculia
242 317 368 369 antistare
380 325 470 370 autem
482 318 504 369 si
516 318 588 370 facta
599 317 713 387 putabis,

72 385 189 453 Longius
201 403 217 438 a
229 403 290 438 vera
301 386 386 437 multo
398 387 500 438 ratione
511 387 600 438 ferere

74 454 146 515 Quid
159 454 296 506 Nemeaeus
308 455 378 506 enim
390 455 464 507 nobis
476 471 548 512 nunc
559 471 672 522 magnus
684 455 778 507 hiatus
878 462 880 466 ’

74 522 126 574 Ille
137 523 219 574 leonis
231 523 338 589 obesset,
350 529 378 575 et
389 524 496 576 horrens
507 523 636 576 Arcadius
649 522 711 574 susl

73 591 194 658 Denique
206 591 269 658 quid
282 590 364 643 Oretae
377 598 476 657 taurus,
489 592 648 659 Lernaeaque
656 592 742 711 pestis

74 659 168 727 Hydra
180 661 315 711 venenatis
327 667 414 728 posset
425 660 525 713 vallata
536 659 649 711 colubris

75 728 177 792 Quidve
189 729 330 794 tripectora
342 730 481 796 tergemini
493 729 533 781 vis
545 727 694 796 Geryonai?

75 796 111 848 Et
122 797 256 848 Diomedis
268 797 336 863 equi,
349 798 477 865 spirantes
488 797 595 849 naribus
607 798 703 864 ignem,

75 865 193 918 'l'hracen
204 865 385 933 Bistoniaeque
397 866 487 933 plagas
499 872 579 933 atque
591 866 692 917 Ismara
703 871 820 934 propter,
881 869 909 918 3C

79 934 226 1002 Tantopere
238 934 371 986 officerent
382 934 464 1001 nobis,
476 933 615 1002 [uncisque
627 934 752 985 timenda

76 1002 222 1070 Unguibus,
231 1002 350 1054 Arcadia
362 1002 480 1055 volucres
488 1001 512 1070 ὃ]
525 1002 682 1070 Stymphala
693 1002 829 1056 colenteai

76 1072 215 1140 Aureaque
228 1071 404 1139 Hesperidum
417 1087 522 1123 servans
534 1071 666 1138 fulgentia
677 1071 749 1122 mala

77 1140 113 1192 As
133 1158 168 1207 er,
180 1140 274 1192 acerba
285 1146 370 1206 tuens,
382 1140 492 1192 immani
504 1157 609 1208 corpere
621 1156 734 1207 serpens,

76 1209 116 1262 Ar
148 1210 184 1261 ris
196 1210 333 1277 amplexus
345 1209 460 1277 stirpem,
473 1209 537 1277 quid
549 1208 661 1277 denique
673 1207 783 1275 obesset,

78 1278 212 1330 Oceanum
223 1280 347 1346 propterb
356 1277 448 1342 littus;
460 1278 598 1346 pelagique
611 1294 706 1343 severa,

81 1346 137 1411 Quo
149 1364 234 1415 neque
245 1354 334 1399 noster
346 1347 402 1398 adit
414 1347 560 1415 quisquam,
573 1363 621 1398 nec
632 1345 758 1397 barbarus
770 1345 872 1398 audetl

115 1415 206 1468 Cetera
218 1416 251 1467 de
261 1433 356 1483 genere
369 1415 418 1467 hoc
429 1432 487 1482 quae
500 1421 563 1466 sunt
574 1421 696 1483 pertenta
708 1421 855 1483 perempta,

80 1481 109 1537 si
120 1503 173 1537 non
185 1485 256 1537 victa
266 1485 360 1551 forent,
374 1484 438 1551 quid
450 1484 558 1537 tandem
569 1484 630 1535 viva
642 1481 785 1535 nocerentl

80 1553 134 1620 Nil,
147 1559 177 1606 ut
189 1553 293 1619 opinor:
311 1554 350 1605 ita
361 1554 395 1606 ad
408 1554 529 1604 satiatem
541 1557 611 1604 terra
622 1552 737 1604 ferarum
798 1589 804 1598 .
885 1554 909 1602 4<

80 1620 106 1677 N
107 1639 159 1673 unc
171 1622 251 1673 etiam
263 1622 349 1687 scatit,
361 1629 388 1674 et
400 1622 502 1690 trepido
514 1627 610 1673 terrore
622 1620 723 1688 repleta
734 1625 775 1672 est

81 1689 132 1746 Per
143 1707 249 1742 nemora
261 1707 291 1741 ac
303 1696 405 1742 montes
416 1707 524 1758 magnos
536 1690 665 1757 silvasque
677 1690 836 1757 profundas:

82 1759 146 1824 Quae
158 1758 215 1810 loca
227 1758 330 1810 vitandi
342 1759 495 1828 plerumque
507 1765 547 1811 est
558 1765 648 1811 nostra
659 1765 782 1826 potestas.

117 1828 154 1880 At
165 1827 217 1879 nisi
228 1834 372 1896 purgatum
385 1834 424 1880 est
435 1835 534 1897 pectus,
547 1844 604 1894 quae
617 1827 709 1895 proelia
720 1828 797 1882 nobis

82 1896 170 1966 Atque
181 1897 300 1965 pericula
312 1903 374 1948 sunt
386 1898 497 1964 ingratis
509 1895 715 1948 insinuandnml

83 1966 195 2030 Quantae
208 1972 267 2017 tum
278 1966 402 2018 scindunt
414 1966 545 2018 bominem
558 1965 693 2032 cupedinis
705 1982 778 2018 aeres

83 2035 231 2088 Sollicitum
243 2035 329 2086 curae?
348 2036 493 2102 quantique
505 2034 614 2102 perinde
625 2034 749 2087 timoreal

85 2105 187 2168 Quidve
199 2103 326 2171 superbia,
339 2104 483 2170 spurcities,
496 2103 651 2171 petulantia,
664 2109 776 2170 quantas

84 2173 210 2226 Efficiunt
222 2171 325 2224 cladesl
343 2172 407 2240 quid
419 2173 498 2224 luxus
511 2171 684 2239 desidiaque?

120 2243 185 2295 Haec
197 2243 280 2308 igitur
292 2241 338 2308 qui
350 2249 446 2294 cuncta
458 2241 596 2309 subegerit,
609 2258 642 2291 ex
654 2241 794 2309 animoque
890 2246 909 2294 5*

84 2310 224 2380 Expulerit
236 2311 321 2377 dietis,
334 2329 387 2364 non
398 2312 491 2374 armis;
508 2327 594 2362 nonne
607 2309 714 2375 decebit,

86 2380 166 2432 Hunc
178 2381 310 2433 hominem
322 2398 430 2432 numero
442 2380 534 2432 divum
546 2379 678 2459 dignarier
690 2378 762 2431 esse?

87 2449 175 2512 Quum
187 2450 253 2501 bene
265 2450 409 2517 praesertim
421 2450 507 2500 multa
520 2465 550 2500 ac
563 2447 689 2498 divinitus
701 2447 766 2515 ipsis

87 2517 278 2569 Immortalibu’
290 2519 323 2569 de
335 2519 403 2569 divis
415 2519 476 2570 dare
489 2518 560 2568 dicta
573 2516 662 2581 suerit,

88 2589 174 2652 Atque
186 2603 289 2636 omnem
301 2604 387 2638 rerum
399 2594 522 2639 naturam
534 2585 648 2654 pandere
661 2583 745 2637 dictis.

137 2683 146 2701 ¹
158 2678 272 2718 Desuntin
284 2679 331 2719 MS.
561 2681 570 2707 b
589 2680 673 2728 Propter
683 2681 806 2729 Annaeum
822 2681 870 2722 MS.
