1928 2964
76 153 103 207 ῃ·
381 151 612 207 ARGUMENTA.

77 275 200 322 Postremo
212 274 280 323 docet
290 273 430 320 universum
445 290 497 321 esse
511 290 540 322 ex
554 275 620 323 omni
636 281 703 337 parte
718 275 850 336 infinitum,
862 291 913 325 cor·

77 355 179 417 puscula
190 370 242 402 esse
253 369 354 401 numero
364 354 464 411 infinita,
477 361 501 402 et
511 355 583 402 inane
596 355 672 402 nullis
682 356 791 403 terminis
805 371 913 419 compre·

77 433 150 480 hendi
166 448 235 494 posse
255 431 289 493 [v.
307 433 473 495 ono-1050}
506 433 544 479 Ac
561 440 689 495 postquem
705 448 746 481 eos
762 434 858 492 refellit,
873 433 915 496 qni

17 504 20 511 ’
78 514 224 569 existimant,
247 528 298 573 esse
325 513 423 573 aliquod
443 512 469 559 in
490 513 601 559 universo
623 520 740 568 centrum,
761 527 808 574 quo
833 512 916 574 gravia

78 594 190 639 deorsum
206 591 311 648 tendant,
327 591 386 638 dum
401 591 465 638 levis
481 598 564 653 sponte
581 606 624 638 sus
641 606 739 638 sursum
754 591 862 639 ferantur
880 590 915 654 [v.

80 674 140 719 1051
154 672 183 718 ad
195 671 290 733 linem}

421 806 566 824 mmm

329 964 447 1018 LIBRI
483 963 673 1018 SECUNDI.

110 1105 151 1151 An
163 1105 270 1152 studium
281 1105 447 1168 philosophice,
460 1120 514 1167 quae
526 1105 577 1153 sola
584 1105 659 1153 leniat
669 1120 746 1163 curas,
758 1104 916 1169 animumque

78 1192 145 1232 metu
161 1185 275 1244 exsolvet,
292 1193 419 1248 postquam
436 1185 581 1232 Memmium
598 1201 669 1232 suum
685 1187 757 1247 po'e'to
774 1183 806 1246 [v.
823 1184 915 1248 1-60]
951 1211 956 1249 J

79 1266 215 1314 cohortatus
228 1271 277 1321 est;
296 1266 325 1313 de
341 1271 483 1321 atomorum,
494 1279 538 1311 seu
552 1264 680 1322 seminum,
692 1263 855 1311 effectionibus
865 1263 915 1311 dis·

78 1349 154 1402 putat,
166 1357 268 1404 quarum
284 1342 387 1404 primum
404 1341 429 1386 in
445 1346 514 1386 motu
529 1339 606 1400 ponit.
638 1339 732 1386 Moveri
749 1345 849 1395 atomos,
862 1352 916 1401 per·

78 1427 180 1482 petuum
194 1421 370 1467 incrementum
386 1426 457 1481 utque
471 1418 640 1465 detrimentum
650 1433 731 1465 rerum
746 1417 826 1480 arguit
837 1416 872 1479 [v.
884 1419 913 1466 61

79 1499 165 1561 -78].
199 1499 296 1546 Motum
308 1504 389 1545 autem
399 1498 464 1544 hunc
477 1497 551 1544 atomi
561 1497 600 1544 vel
616 1504 701 1559 suopte
711 1497 811 1559 ponderi
822 1497 916 1554 debent,

79 1581 118 1627 vel
137 1580 226 1628 ictibus
247 1578 356 1627 aliorum.
389 1578 424 1625 Et
439 1584 566 1626 moventur
581 1577 704 1624 deorsum:
727 1576 815 1640 quippe
833 1590 916 1625 omnes
948 1586 952 1596 ‘

79 1661 153 1708 atomi
169 1666 226 1708 sunt
241 1675 338 1722 greves3
359 1659 401 1706 sed
414 1673 489 1720 quum
504 1664 648 1705 concurrunt
665 1658 756 1714 solidae,
768 1672 866 1705 necesse
880 1665 917 1704 est

81 1756 179 1803 quoquo
190 1755 287 1795 versum
297 1740 326 1787 ab
338 1739 477 1786 seinvicem
488 1737 608 1785 dissiliant
618 1736 656 1798 [v.
669 1735 786 1799 79-87J.
821 1735 896 1786 Quod
905 1750 918 1782 e

80 1829 166 1868 nature
172 1822 243 1868 vacui
252 1821 429 1867 demonstretur
437 1817 471 1880 [v.
480 1817 597 1879 88-93].
626 1817 748 1868 Quaedam
758 1817 835 1878 igitur
844 1815 918 1865 atomi

80 1901 237 1964 implicentur
251 1900 317 1948 aliis:
336 1915 390 1962 qnae
406 1899 494 1947 arctius
506 1900 650 1960 junguntur,
662 1914 699 1946 res
711 1899 782 1946 durus
793 1913 821 1945 ec
832 1898 918 1946 denses

80 1981 201 2038 cfficiunt;
214 1997 268 2043 quae
278 1981 366 2038 laxius,
377 1996 415 2028 res
426 1980 511 2028 molles
522 1986 545 2026 et
554 1995 627 2036 raras,
639 1982 695 2027 adra
706 1987 730 2026 et
741 1979 826 2026 lumen
839 1977 875 2040 [v.
887 1979 919 2028 94

80 2062 183 2125 -107].
217 2062 338 2111 Quaedam
351 2076 406 2108 vero
423 2061 496 2108 atomi
512 2074 638 2121 nunquam
654 2059 797 2116 coalescunt,
815 2060 866 2116 sed,
882 2057 919 2106 uti

80 2149 188 2190 ramenta
203 2141 309 2204 pulveris
325 2141 435 2188 videmus
451 2140 477 2187 in
493 2139 565 2187 radiis
583 2139 647 2197 solis,
662 2138 774 2194 continuo
791 2148 860 2186 motu
877 2152 919 2202 per
954 2197 956 2200 Ι

80 2222 151 2269 inane
162 2221 279 2278 feruntur,
287 2226 359 2282 etque
370 2219 522 2280 aliacorpora
533 2217 634 2265 subinde
645 2217 783 2279 percutiunt
791 2222 816 2264 et
826 2219 919 2280 agitant

83 2298 117 2362 [v.
131 2298 281 2362 los-140}
314 2300 466 2355 Atomorum,
479 2298 590 2345 deorsum
602 2297 761 2354 tendentium,
773 2295 919 2345 celeritatem

82 2379 186 2441 explicat
196 2378 230 2441 [v.
240 2378 389 2440 lor-166}
415 2377 510 2425 Deinde
520 2379 639 2438 pcdtaper
646 2375 818 2437 digressionem
829 2391 870 2424 eos
881 2377 918 2424 in-

81 2458 239 2520 sectatus‚qui
247 2473 276 2505 cx
284 2456 481 2520 corpusculorum
489 2455 588 2504 fortuita
596 2455 750 2502 concursione
760 2454 825 2502 hunc
834 2455 920 2504 mundi

80 2538 269 2602 pulcherrimum
281 2546 391 2585 ornatum
398 2552 449 2584 esse
459 2537 600 2598 perlectum,
609 2542 633 2582 et
641 2535 692 2582 sine
702 2534 782 2581 divina
790 2534 917 2595 providen-

81 2603 114 2650 tio
126 2610 205 2650 rotunr
216 2608 239 2650 et
250 2601 427 2651 immutabilem
436 2615 518 2648 rerum
529 2599 636 2646 ordinem
646 2597 781 2646 conservari
787 2607 878 2660 negant
884 2598 918 2662 [r.
