1964 2970
342 153 451 209 LIBER
468 152 607 208 SEXTUS.

58 259 127 326 Ibat,
140 263 167 313 et
178 259 208 312 in
219 262 308 328 partes
319 258 447 327 genitales
459 257 660 380 cofflgffi.
773 280 776 287 ·

664 372 673 411 1

57 329 94 382 Et
105 329 221 396 graviter
232 328 331 396 partim
341 332 490 380 metuentes
799 374 804 381 ,

58 397 199 464 Vivebant,
211 398 279 450 ferro
290 397 389 465 privati
419 401 476 450 arte
488 395 623 449 1111111ιίῐ
635 412 656 439 -1-
687 400 694 416 “·

56 466 94 520 Et
105 466 227 520 manibus
239 466 295 519 sine
306 482 378 519 noun
420 466 426 478 ‘
440 463 601 534 pedibusque
612 462 755 517 manebant

57 535 92 588 In
104 535 160 588 vita
171 541 267 603 tamen,
280 540 308 588 et
319 534 463 604 perdebant
474 534 576 587 lumina
587 534 699 602 partim:
830 533 897 585 1210

57 604 146 672 Usque
158 604 222 656 adeo
233 604 325 656 mortis
336 609 423 657 metus
434 603 476 656 his
487 603 628 656 incesserat
639 619 706 657 acer.

57 672 147 740 Atque
158 673 239 725 etiam
251 672 378 741 quosdam
390 690 481 740 cepere
493 672 590 726 oblivia
601 689 690 724 rerum

57 741 226 809 amoenum,
238 758 323 810 neque
335 759 362 794 se
374 746 479 810 possent
491 757 644 808 cognoscere
656 747 688 794 ut
699 740 758 809 ipsi.

92 809 231 879 Multaque
243 811 318 862 humi
330 827 413 878 quum
424 809 564 861 inhumata
571 812 691 877 jacerent
703 825 810 878 corpora
819 825 898 877 supra

57 879 220 947 Corporibus,
233 884 322 931 tamen
334 878 449 931 alituum
460 894 543 945 genus
555 883 635 946 atque
647 878 762 931 ferarum

57 947 115 1000 Aut
126 947 218 1016 procul
229 947 373 1014 absiliebat‚
386 952 418 1000 ut
429 963 516 1000 acrem
528 947 612 999 exiret
624 946 728 999 odorem
734 966 742 1011 ;

57 1016 121 1084 Aut,
134 1015 180 1069 ubi
192 1021 319 1084 gustarat,
330 1014 475 1083 languebat
486 1021 569 1068 morte
581 1016 735 1085 propinqua

57 1085 84 1138 N
85 1102 115 1138 ec
127 1090 216 1138 tamen
229 1085 335 1139 omnino
346 1090 444 1138 temere
455 1084 509 1137 illis
521 1084 618 1137 solibus
630 1085 686 1138 ulla

57 1154 230 1222 Competebat
241 1154 311 1207 avis:
329 1170 378 1207 nee
389 1153 487 1206 noxia¹
499 1156 576 1207 saecla
587 1154 701 1206 ferarum

58 1222 176 1276 Exibunt
189 1223 279 1277 silvis:
296 1222 459 1290 languebant
471 1222 594 1291 pleraque
606 1222 702 1290 morbo,
829 1225 898 1274 1220

57 1291 94 1344 Et
105 1292 301 1345 moriebantur:
319 1308 380 1344 cum
392 1291 483 1363 primis
495 1291 548 1345 fida
560 1308 656 1344 canum
667 1292 707 1345 vis

58 1360 149 1413 Strata
160 1361 209 1414 viis
222 1361 338 1414 animam
349 1359 463 1441 ponebat
474 1360 503 1413 in
516 1360 635 1412 omnibus
648 1377 670 1412 ae
702 1377 730 1414 e:

57 1429 240 1498 Extorquebat
251 1429 323 1482 enim
333 1435 418 1482 urtam
429 1429 469 1482 vis
480 1429 599 1482 morbida
610 1446 680 1482 mem
696 1430 740 1482 ris.

58 1499 218 1551 incomitata
228 1499 287 1567 rapi
298 1497 434 1552 certabant
445 1498 539 1551 funera
550 1503 638 1552 vasta:

57 1567 114 1620 Nec
124 1567 192 1620 ratio
203 1566 303 1620 remedi
316 1567 461 1619 communis
473 1573 544 1620 certa
556 1565 674 1621 dabatur.

57 1635 128 1688 Nam
140 1636 207 1703 quod
219 1634 257 1689 ali
271 1635 378 1688 dederat
389 1635 484 1689 vitales
496 1636 565 1689 atris
576 1653 653 1689 auras

58 1704 170 1757 Volvere
181 1704 210 1757 in
222 1721 265 1758 ore
276 1704 362 1773 licere,
374 1710 402 1758 et
413 1704 472 1758 coeli
484 1705 584 1774 templa
595 1706 664 1758 tueri
670 1725 678 1770 3

58 1773 117 1827 Hoc
129 1773 257 1827 alliserat
269 1774 358 1841 exitio,
370 1773 503 1842 letumque
515 1773 632 1842 parabas.

93 1841 166 1894 Illud
177 1841 206 1893 in
218 1841 261 1894 his
272 1842 349 1895 rebus
360 1842 538 1895 miserandum
551 1848 578 1895 et
589 1859 747 1911 magnopere
758 1859 842 1897 unum

56 1909 241 1965 AErumnabile
253 1915 317 1978 erat,
329 1911 407 1978 quod,
419 1910 466 1963 ubi
478 1928 505 1964 se
517 1911 628 1979 quisque
640 1910 746 1965 videbat
829 1914 897 1965 1230

58 1979 225 2048 Implicitam
235 1979 332 2046 morbo,
344 1979 423 2032 morti
435 1980 575 2033 damnatus
586 1985 618 2032 ut
630 1985 705 2047 esset,

58 2048 190 2102 Deficiens
201 2048 297 2114 animo,
309 2052 402 2100 moesto
414 2065 474 2101 cum
486 2049 563 2102 corde
571 2047 685 2116 jacebat,
848 2110 853 2118 ι

56 2117 163 2170 Funera
174 2121 331 2186 respectans,
344 2116 460 2170 animam
472 2122 499 2169 et
510 2117 634 2170 mittebat
645 2117 752 2172 ibidem.

92 2185 195 2267 Quippe
207 2185 305 2240 etenim
316 2185 389 2238 nulle
401 2185 537 2239 cessabant
548 2191 664 2256 tempore
676 2186 758 2256 apisci
778 2190 797 2232 'a
807 2189 817 2219 1
829 2175 842 2214 ⁶·

55 2254 99 2308 le
112 2255 171 2307 aliis
183 2255 247 2308 alios
259 2254 331 2308 avidi
343 2254 466 2322 contagia
477 2254 568 2322 morbi,
729 2302 731 2307 ,
767 2274 772 2281 ·

56 2324 199 2392 lanigeras
211 2330 339 2392 tanquam
350 2323 464 2392 pecudes
475 2328 502 2376 et
514 2324 610 2377 bucera
622 2324 705 2378 saecla.
727 2329 737 2349 ·“
774 2342 777 2347 ·

56 2393 140 2462 quue
152 2392 195 2446 vel
205 2393 335 2462 inprimis
347 2392 498 2446 cumulabat
509 2392 601 2446 fumare
612 2393 707 2446 famus:

56 2461 126 2514 Nam
138 2461 296 2530 quicumque
308 2479 367 2516 suos
379 2461 531 2530 fugitabant
543 2462 626 2515 visere
638 2462 672 2515 ad
685 2479 773 2532 agros,

56 2530 132 2586 Vrtur
144 2547 257 2586 mmaum
268 2532 376 2601 cupidos
387 2531 529 2600 mortisque
541 2531 665 2587 timentes

393 2627 401 2649 ⁸
414 2625 492 2682 tortas,
502 2625 556 2669 lte.

469 2699 490 2749 Q
