<?xml version="1.0" encoding="UTF-8"?>
<!DOCTYPE html PUBLIC "-//W3C//DTD XHTML 1.0 Transitional//EN"
    "http://www.w3.org/TR/xhtml1/DTD/xhtml1-transitional.dtd">
<html xmlns="http://www.w3.org/1999/xhtml" xml:lang="en" lang="en">
 <head>
  <title>
</title>
<meta http-equiv="Content-Type" content="text/html;charset=utf-8" />
  <meta name='ocr-system' content='tesseract 3.04.00' />
  <meta name='ocr-capabilities' content='ocr_page ocr_carea ocr_par ocr_line ocrx_word'/>
</head>
<body>
  <div class='ocr_page' id='page_1' title='image "./tlucretiicaride03carugoog_0040.png"; bbox 0 0 1928 2964; ppageno 0'>
   <div class='ocr_carea' id='block_1_1' title="bbox 338 95 894 164">
    <p class='ocr_par' dir='ltr' id='par_1_1' title="bbox 338 95 894 164">
     <span class='ocr_line' id='line_1_1' title="bbox 338 95 894 164; baseline 0.002 -3"><span class='ocrx_word' id='word_1_1' title='bbox 338 95 609 164; x_wconf 67' lang='lat' dir='ltr'><strong>impleremus</strong></span> <span class='ocrx_word' id='word_1_2' title='bbox 861 112 894 162; x_wconf 74' lang='grc' dir='ltr'><strong>ιι</strong></span> 
     </span>
    </p>
   </div>
   <div class='ocr_carea' id='block_1_2' title="bbox 10 209 894 2414">
    <p class='ocr_par' dir='ltr' id='par_1_2' title="bbox 54 209 894 486">
     <span class='ocr_line' id='line_1_2' title="bbox 88 209 716 280; baseline -0.002 -17"><span class='ocrx_word' id='word_1_3' title='bbox 88 210 115 263; x_wconf 89' lang='lat' dir='ltr'><strong>Is</strong></span> <span class='ocrx_word' id='word_1_4' title='bbox 127 226 204 280; x_wconf 85' lang='lat' dir='ltr'><strong>porro</strong></span> <span class='ocrx_word' id='word_1_5' title='bbox 216 209 336 278; x_wconf 78' lang='lat' dir='ltr'><strong>quamvis</strong></span> <span class='ocrx_word' id='word_1_6' title='bbox 348 210 447 262; x_wconf 89' lang='lat' dir='ltr'><strong>circum</strong></span> <span class='ocrx_word' id='word_1_7' title='bbox 458 211 633 264; x_wconf 77' lang='lat' dir='ltr'><strong>celerantibus</strong></span> <span class='ocrx_word' id='word_1_8' title='bbox 644 210 716 264; x_wconf 90' lang='lat' dir='ltr'><strong>auris</strong></span> 
     </span>
     <span class='ocr_line' id='line_1_3' title="bbox 54 279 774 348; baseline -0.003 -16"><span class='ocrx_word' id='word_1_9' title='bbox 54 279 184 346; x_wconf 79' lang='lat' dir='ltr'><strong>Confluat,</strong></span> <span class='ocrx_word' id='word_1_10' title='bbox 197 279 270 331; x_wconf 87' lang='lat' dir='ltr'><strong>haud</strong></span> <span class='ocrx_word' id='word_1_11' title='bbox 281 280 379 347; x_wconf 86' lang='lat' dir='ltr'><strong>poterit</strong></span> <span class='ocrx_word' id='word_1_12' title='bbox 390 285 480 332; x_wconf 83' lang='lat' dir='ltr'><strong>tamen</strong></span> <span class='ocrx_word' id='word_1_13' title='bbox 492 297 546 332; x_wconf 89' lang='lat' dir='ltr'><strong>uno</strong></span> <span class='ocrx_word' id='word_1_14' title='bbox 558 285 675 348; x_wconf 87' lang='lat' dir='ltr'><strong>tempore</strong></span> <span class='ocrx_word' id='word_1_15' title='bbox 687 284 774 331; x_wconf 86' lang='lat' dir='ltr'><strong>totum</strong></span> 
     </span>
     <span class='ocr_line' id='line_1_4' title="bbox 54 348 894 417; baseline -0.002 -16"><span class='ocrx_word' id='word_1_16' title='bbox 54 349 185 417; x_wconf 73' lang='lat' dir='ltr'><strong>compleri</strong></span> <span class='ocrx_word' id='word_1_17' title='bbox 194 348 324 416; x_wconf 87' lang='lat' dir='ltr'><strong>spatium:</strong></span> <span class='ocrx_word' id='word_1_18' title='bbox 341 365 405 400; x_wconf 90' lang='lat' dir='ltr'><strong>nam</strong></span> <span class='ocrx_word' id='word_1_19' title='bbox 416 349 532 416; x_wconf 89' lang='lat' dir='ltr'><strong>primum</strong></span> <span class='ocrx_word' id='word_1_20' title='bbox 541 365 670 416; x_wconf 90' lang='lat' dir='ltr'><strong>quemque</strong></span> <span class='ocrx_word' id='word_1_21' title='bbox 683 365 786 400; x_wconf 88' lang='lat' dir='ltr'><strong>necesse</strong></span> <span class='ocrx_word' id='word_1_22' title='bbox 795 350 894 400; x_wconf 84' lang='lat' dir='ltr'><strong>est390</strong></span> 
     </span>
     <span class='ocr_line' id='line_1_5' title="bbox 55 416 747 486; baseline -0.003 -16"><span class='ocrx_word' id='word_1_23' title='bbox 55 417 171 486; x_wconf 83' lang='lat' dir='ltr'><strong>Occupet</strong></span> <span class='ocrx_word' id='word_1_24' title='bbox 184 417 230 468; x_wconf 86' lang='lat' dir='ltr'><strong>ille</strong></span> <span class='ocrx_word' id='word_1_25' title='bbox 242 416 337 483; x_wconf 83' lang='lat' dir='ltr'><strong>locum,</strong></span> <span class='ocrx_word' id='word_1_26' title='bbox 348 416 444 469; x_wconf 87' lang='lat' dir='ltr'><strong>deinde</strong></span> <span class='ocrx_word' id='word_1_27' title='bbox 456 417 544 469; x_wconf 90' lang='lat' dir='ltr'><strong>omnia</strong></span> <span class='ocrx_word' id='word_1_28' title='bbox 556 417 747 486; x_wconf 77' lang='lat' dir='ltr'><strong>possideantur.</strong></span> 
     </span>
    </p>

    <p class='ocr_par' dir='ltr' id='par_1_3' title="bbox 10 484 771 554">
     <span class='ocr_line' id='line_1_6' title="bbox 10 484 771 554; baseline 0.001 -16"><span class='ocrx_word' id='word_1_29' title='bbox 10 516 18 527; x_wconf 85' lang='lat'><em>-</em></span> <span class='ocrx_word' id='word_1_30' title='bbox 88 487 165 551; x_wconf 83' lang='lat' dir='ltr'><strong>Quod</strong></span> <span class='ocrx_word' id='word_1_31' title='bbox 178 485 275 537; x_wconf 83' lang='lat' dir='ltr'><strong>siforte</strong></span> <span class='ocrx_word' id='word_1_32' title='bbox 287 485 390 554; x_wconf 80' lang='lat' dir='ltr'><strong>aliquis,</strong></span> <span class='ocrx_word' id='word_1_33' title='bbox 403 502 485 553; x_wconf 91' lang='lat' dir='ltr'><strong>quum</strong></span> <span class='ocrx_word' id='word_1_34' title='bbox 498 503 604 554; x_wconf 90' lang='lat' dir='ltr'><strong>corpora</strong></span> <span class='ocrx_word' id='word_1_35' title='bbox 617 485 752 539; x_wconf 84' lang='lat' dir='ltr'><strong>dissiluere</strong></span> <span class='ocrx_word' id='word_1_36' title='bbox 757 484 771 553; x_wconf 86' lang='lat'><strong>¹,</strong></span> 
     </span>
    </p>

    <p class='ocr_par' dir='ltr' id='par_1_4' title="bbox 54 553 678 623">
     <span class='ocr_line' id='line_1_7' title="bbox 54 553 678 623; baseline 0 -16"><span class='ocrx_word' id='word_1_37' title='bbox 54 553 121 607; x_wconf 63' lang='lat' dir='ltr'><strong>Tum</strong></span> <span class='ocrx_word' id='word_1_38' title='bbox 133 561 214 623; x_wconf 82' lang='lat' dir='ltr'><strong>putat</strong></span> <span class='ocrx_word' id='word_1_39' title='bbox 225 554 255 605; x_wconf 93' lang='lat' dir='ltr'><strong>id</strong></span> <span class='ocrx_word' id='word_1_40' title='bbox 266 553 330 622; x_wconf 87' lang='lat' dir='ltr'><strong>ficri,</strong></span> <span class='ocrx_word' id='word_1_41' title='bbox 344 555 407 622; x_wconf 82' lang='lat' dir='ltr'><strong>quia</strong></span> <span class='ocrx_word' id='word_1_42' title='bbox 418 572 445 607; x_wconf 87' lang='lat' dir='ltr'><strong>se</strong></span> <span class='ocrx_word' id='word_1_43' title='bbox 457 554 614 607; x_wconf 77' lang='lat' dir='ltr'><strong>condenseat</strong></span> <span class='ocrx_word' id='word_1_44' title='bbox 626 556 678 621; x_wconf 68' lang='lat' dir='ltr'><strong>aer,</strong></span> 
     </span>
    </p>

    <p class='ocr_par' dir='ltr' id='par_1_5' title="bbox 53 623 765 691">
     <span class='ocr_line' id='line_1_8' title="bbox 53 623 765 691; baseline 0 -15"><span class='ocrx_word' id='word_1_45' title='bbox 53 623 147 687; x_wconf 80' lang='lat' dir='ltr'><strong>Errnt;</strong></span> <span class='ocrx_word' id='word_1_46' title='bbox 164 641 228 675; x_wconf 93' lang='lat' dir='ltr'><strong>nam</strong></span> <span class='ocrx_word' id='word_1_47' title='bbox 240 640 354 675; x_wconf 85' lang='lat' dir='ltr'><strong>vacuum</strong></span> <span class='ocrx_word' id='word_1_48' title='bbox 366 630 424 675; x_wconf 92' lang='lat' dir='ltr'><strong>tum</strong></span> <span class='ocrx_word' id='word_1_49' title='bbox 435 623 474 690; x_wconf 90' lang='lat' dir='ltr'><strong>fit,</strong></span> <span class='ocrx_word' id='word_1_50' title='bbox 486 623 555 691; x_wconf 92' lang='lat' dir='ltr'><strong>quod</strong></span> <span class='ocrx_word' id='word_1_51' title='bbox 566 641 619 676; x_wconf 91' lang='lat' dir='ltr'><strong>non</strong></span> <span class='ocrx_word' id='word_1_52' title='bbox 631 623 684 676; x_wconf 85' lang='lat' dir='ltr'><strong>fuit</strong></span> <span class='ocrx_word' id='word_1_53' title='bbox 696 629 765 691; x_wconf 87' lang='lat' dir='ltr'><strong>ante,</strong></span> 
     </span>
    </p>

    <p class='ocr_par' dir='ltr' id='par_1_6' title="bbox 54 691 736 761">
     <span class='ocr_line' id='line_1_9' title="bbox 54 691 736 761; baseline 0 -16"><span class='ocrx_word' id='word_1_54' title='bbox 54 693 89 745; x_wconf 82' lang='lat' dir='ltr'><strong>Et</strong></span> <span class='ocrx_word' id='word_1_55' title='bbox 99 692 220 761; x_wconf 87' lang='lat' dir='ltr'><strong>repletur</strong></span> <span class='ocrx_word' id='word_1_56' title='bbox 231 691 303 758; x_wconf 86' lang='lat' dir='ltr'><strong>item,</strong></span> <span class='ocrx_word' id='word_1_57' title='bbox 316 709 430 745; x_wconf 84' lang='lat' dir='ltr'><strong>vacuum</strong></span> <span class='ocrx_word' id='word_1_58' title='bbox 443 692 514 759; x_wconf 90' lang='lat' dir='ltr'><strong>quod</strong></span> <span class='ocrx_word' id='word_1_59' title='bbox 527 693 648 745; x_wconf 87' lang='lat' dir='ltr'><strong>constitit</strong></span> <span class='ocrx_word' id='word_1_60' title='bbox 659 699 722 745; x_wconf 89' lang='lat' dir='ltr'><strong>ante</strong></span> <span class='ocrx_word' id='word_1_61' title='bbox 728 712 736 757; x_wconf 88' lang='lat'>;</span> 
     </span>
    </p>

    <p class='ocr_par' dir='ltr' id='par_1_7' title="bbox 54 760 593 829">
     <span class='ocr_line' id='line_1_10' title="bbox 54 760 593 829; baseline -0.002 -15"><span class='ocrx_word' id='word_1_62' title='bbox 54 761 109 814; x_wconf 81' lang='lat' dir='ltr'><strong>Nec</strong></span> <span class='ocrx_word' id='word_1_63' title='bbox 120 761 171 814; x_wconf 88' lang='lat' dir='ltr'><strong>tali</strong></span> <span class='ocrx_word' id='word_1_64' title='bbox 182 761 286 812; x_wconf 89' lang='lat' dir='ltr'><strong>ratione</strong></span> <span class='ocrx_word' id='word_1_65' title='bbox 297 767 383 829; x_wconf 83' lang='lat' dir='ltr'><strong>potest</strong></span> <span class='ocrx_word' id='word_1_66' title='bbox 395 760 527 813; x_wconf 86' lang='lat' dir='ltr'><strong>denserier</strong></span> <span class='ocrx_word' id='word_1_67' title='bbox 538 763 593 825; x_wconf 81' lang='lat' dir='ltr'><strong>a&#39;er,</strong></span> 
     </span>
    </p>

    <p class='ocr_par' dir='ltr' id='par_1_8' title="bbox 54 829 697 898">
     <span class='ocr_line' id='line_1_11' title="bbox 54 829 697 898; baseline -0.002 -16"><span class='ocrx_word' id='word_1_68' title='bbox 54 829 116 897; x_wconf 80' lang='lat' dir='ltr'><strong>Nec,</strong></span> <span class='ocrx_word' id='word_1_69' title='bbox 129 831 151 882; x_wconf 91' lang='lat' dir='ltr'><strong>si</strong></span> <span class='ocrx_word' id='word_1_70' title='bbox 159 831 219 898; x_wconf 87' lang='lat' dir='ltr'><strong>jam</strong></span> <span class='ocrx_word' id='word_1_71' title='bbox 231 835 324 898; x_wconf 91' lang='lat' dir='ltr'><strong>posset,</strong></span> <span class='ocrx_word' id='word_1_72' title='bbox 337 829 393 881; x_wconf 88' lang='lat' dir='ltr'><strong>sine</strong></span> <span class='ocrx_word' id='word_1_73' title='bbox 404 829 479 881; x_wconf 92' lang='lat' dir='ltr'><strong>inani</strong></span> <span class='ocrx_word' id='word_1_74' title='bbox 491 836 585 898; x_wconf 87' lang='lat' dir='ltr'><strong>posset,</strong></span> <span class='ocrx_word' id='word_1_75' title='bbox 599 829 697 898; x_wconf 89' lang='lat' dir='ltr'><strong>opinor,</strong></span> 
     </span>
    </p>

    <p class='ocr_par' dir='ltr' id='par_1_9' title="bbox 55 898 751 1037">
     <span class='ocr_line' id='line_1_12' title="bbox 55 898 751 968; baseline 0.001 -17"><span class='ocrx_word' id='word_1_76' title='bbox 55 898 114 968; x_wconf 90' lang='lat' dir='ltr'><strong>Ipse</strong></span> <span class='ocrx_word' id='word_1_77' title='bbox 125 899 156 950; x_wconf 92' lang='lat' dir='ltr'><strong>in</strong></span> <span class='ocrx_word' id='word_1_78' title='bbox 168 916 197 951; x_wconf 87' lang='lat' dir='ltr'><strong>se</strong></span> <span class='ocrx_word' id='word_1_79' title='bbox 208 898 312 950; x_wconf 82' lang='lat' dir='ltr'><strong>trahere</strong></span> <span class='ocrx_word' id='word_1_80' title='bbox 323 904 351 951; x_wconf 88' lang='lat' dir='ltr'><strong>et</strong></span> <span class='ocrx_word' id='word_1_81' title='bbox 361 904 451 966; x_wconf 77' lang='lat' dir='ltr'><strong>partes</strong></span> <span class='ocrx_word' id='word_1_82' title='bbox 462 898 607 951; x_wconf 82' lang='lat' dir='ltr'><strong>conducere</strong></span> <span class='ocrx_word' id='word_1_83' title='bbox 619 898 648 949; x_wconf 93' lang='lat' dir='ltr'><strong>in</strong></span> <span class='ocrx_word' id='word_1_84' title='bbox 660 915 751 952; x_wconf 81' lang='lat' dir='ltr'><strong>unum</strong></span> 
     </span>
     <span class='ocr_line' id='line_1_13' title="bbox 55 967 727 1037; baseline -0.003 -16"><span class='ocrx_word' id='word_1_85' title='bbox 55 968 228 1037; x_wconf 75' lang='lat' dir='ltr'><strong>Quapropter,</strong></span> <span class='ocrx_word' id='word_1_86' title='bbox 242 967 360 1034; x_wconf 88' lang='lat' dir='ltr'><strong>quamvis</strong></span> <span class='ocrx_word' id='word_1_87' title='bbox 372 967 503 1019; x_wconf 84' lang='lat' dir='ltr'><strong>causando</strong></span> <span class='ocrx_word' id='word_1_88' title='bbox 515 967 601 1019; x_wconf 84' lang='lat' dir='ltr'><strong>multa</strong></span> <span class='ocrx_word' id='word_1_89' title='bbox 612 967 727 1035; x_wconf 88' lang='lat' dir='ltr'><strong>moreris,</strong></span> 
     </span>
    </p>

    <p class='ocr_par' dir='ltr' id='par_1_10' title="bbox 55 1035 893 1088">
     <span class='ocr_line' id='line_1_14' title="bbox 55 1035 893 1088; baseline -0.002 0"><span class='ocrx_word' id='word_1_90' title='bbox 55 1035 116 1088; x_wconf 83' lang='lat' dir='ltr'><strong>Esse</strong></span> <span class='ocrx_word' id='word_1_91' title='bbox 127 1037 157 1088; x_wconf 94' lang='lat' dir='ltr'><strong>in</strong></span> <span class='ocrx_word' id='word_1_92' title='bbox 169 1036 248 1088; x_wconf 88' lang='lat' dir='ltr'><strong>rebus</strong></span> <span class='ocrx_word' id='word_1_93' title='bbox 259 1036 338 1088; x_wconf 88' lang='lat' dir='ltr'><strong>inane</strong></span> <span class='ocrx_word' id='word_1_94' title='bbox 349 1041 440 1088; x_wconf 88' lang='lat' dir='ltr'><strong>tamen</strong></span> <span class='ocrx_word' id='word_1_95' title='bbox 452 1035 552 1088; x_wconf 84' lang='lat' dir='ltr'><strong>fateare</strong></span> <span class='ocrx_word' id='word_1_96' title='bbox 563 1052 666 1088; x_wconf 87' lang='lat' dir='ltr'><strong>necesse</strong></span> <span class='ocrx_word' id='word_1_97' title='bbox 678 1042 724 1088; x_wconf 90' lang='lat' dir='ltr'><strong>est.</strong></span> <span class='ocrx_word' id='word_1_98' title='bbox 841 1039 893 1087; x_wconf 87' lang='grc'><strong>400</strong></span> 
     </span>
    </p>

    <p class='ocr_par' dir='ltr' id='par_1_11' title="bbox 54 1104 782 1519">
     <span class='ocr_line' id='line_1_15' title="bbox 87 1104 782 1223; baseline -0.003 -65"><span class='ocrx_word' id='word_1_99' title='bbox 87 1104 231 1173; x_wconf 87' lang='lat' dir='ltr'><strong>Multaque</strong></span> <span class='ocrx_word' id='word_1_100' title='bbox 242 1110 368 1223; x_wconf 74' lang='lat' dir='ltr'><strong>praterea</strong></span> <span class='ocrx_word' id='word_1_101' title='bbox 380 1104 430 1157; x_wconf 92' lang='lat' dir='ltr'><strong>tibi</strong></span> <span class='ocrx_word' id='word_1_102' title='bbox 441 1121 547 1173; x_wconf 87' lang='lat' dir='ltr'><strong>possum</strong></span> <span class='ocrx_word' id='word_1_103' title='bbox 559 1104 782 1158; x_wconf 88' lang='lat' dir='ltr'><strong>commemorando</strong></span> 
     </span>
     <span class='ocr_line' id='line_1_16' title="bbox 56 1173 678 1242; baseline -0.002 -16"><span class='ocrx_word' id='word_1_104' title='bbox 56 1173 230 1242; x_wconf 82' lang='lat' dir='ltr'><strong>Argumenta,</strong></span> <span class='ocrx_word' id='word_1_105' title='bbox 261 1173 320 1224; x_wconf 90' lang='lat' dir='ltr'><strong>dem</strong></span> <span class='ocrx_word' id='word_1_106' title='bbox 332 1173 410 1226; x_wconf 87' lang='lat' dir='ltr'><strong>dictis</strong></span> <span class='ocrx_word' id='word_1_107' title='bbox 422 1173 555 1226; x_wconf 88' lang='lat' dir='ltr'><strong>corradere</strong></span> <span class='ocrx_word' id='word_1_108' title='bbox 567 1173 678 1237; x_wconf 87' lang='lat' dir='ltr'><strong>nostris;</strong></span> 
     </span>
     <span class='ocr_line' id='line_1_17' title="bbox 56 1241 717 1310; baseline 0.003 -16"><span class='ocrx_word' id='word_1_109' title='bbox 56 1241 156 1295; x_wconf 82' lang='lat' dir='ltr'><strong>Verum</strong></span> <span class='ocrx_word' id='word_1_110' title='bbox 168 1242 256 1294; x_wconf 88' lang='lat' dir='ltr'><strong>animo</strong></span> <span class='ocrx_word' id='word_1_111' title='bbox 268 1242 331 1294; x_wconf 86' lang='lat' dir='ltr'><strong>satis</strong></span> <span class='ocrx_word' id='word_1_112' title='bbox 343 1242 399 1295; x_wconf 86' lang='lat' dir='ltr'><strong>haec</strong></span> <span class='ocrx_word' id='word_1_113' title='bbox 411 1243 523 1309; x_wconf 86' lang='lat' dir='ltr'><strong>vestigia</strong></span> <span class='ocrx_word' id='word_1_114' title='bbox 535 1259 616 1310; x_wconf 86' lang='lat' dir='ltr'><strong>parva</strong></span> <span class='ocrx_word' id='word_1_115' title='bbox 628 1243 717 1310; x_wconf 81' lang='lat' dir='ltr'><strong>sagaci</strong></span> 
     </span>
     <span class='ocr_line' id='line_1_18' title="bbox 56 1310 699 1380; baseline 0.002 -16"><span class='ocrx_word' id='word_1_116' title='bbox 56 1310 131 1376; x_wconf 80' lang='lat' dir='ltr'><strong>Sunt,</strong></span> <span class='ocrx_word' id='word_1_117' title='bbox 144 1328 193 1380; x_wconf 90' lang='lat' dir='ltr'><strong>per</strong></span> <span class='ocrx_word' id='word_1_118' title='bbox 204 1327 263 1378; x_wconf 77' lang='lat' dir='ltr'><strong>quae</strong></span> <span class='ocrx_word' id='word_1_119' title='bbox 275 1311 357 1378; x_wconf 89' lang='lat' dir='ltr'><strong>possis</strong></span> <span class='ocrx_word' id='word_1_120' title='bbox 369 1328 523 1379; x_wconf 83' lang='lat' dir='ltr'><strong>cognoscere</strong></span> <span class='ocrx_word' id='word_1_121' title='bbox 535 1318 621 1364; x_wconf 87' lang='lat' dir='ltr'><strong>cetera</strong></span> <span class='ocrx_word' id='word_1_122' title='bbox 632 1318 699 1365; x_wconf 82' lang='lat' dir='ltr'><strong>tute.</strong></span> 
     </span>
     <span class='ocr_line' id='line_1_19' title="bbox 54 1380 684 1449; baseline 0.002 -17"><span class='ocrx_word' id='word_1_123' title='bbox 54 1380 176 1449; x_wconf 81' lang='lat' dir='ltr'><strong>Namque</strong></span> <span class='ocrx_word' id='word_1_124' title='bbox 188 1396 265 1433; x_wconf 87' lang='lat' dir='ltr'><strong>canes</strong></span> <span class='ocrx_word' id='word_1_125' title='bbox 277 1384 309 1431; x_wconf 86' lang='lat' dir='ltr'><strong>ut</strong></span> <span class='ocrx_word' id='word_1_126' title='bbox 319 1381 477 1448; x_wconf 85' lang='lat' dir='ltr'><strong>montivagae</strong></span> <span class='ocrx_word' id='word_1_127' title='bbox 490 1397 606 1448; x_wconf 82' lang='lat' dir='ltr'><strong>persaepe</strong></span> <span class='ocrx_word' id='word_1_128' title='bbox 617 1381 684 1433; x_wconf 84' lang='lat' dir='ltr'><strong>ferai</strong></span> 
     </span>
     <span class='ocr_line' id='line_1_20' title="bbox 55 1449 670 1519; baseline 0.002 -18"><span class='ocrx_word' id='word_1_129' title='bbox 55 1449 171 1502; x_wconf 85' lang='lat' dir='ltr'><strong>Naribus</strong></span> <span class='ocrx_word' id='word_1_130' title='bbox 184 1449 323 1501; x_wconf 84' lang='lat' dir='ltr'><strong>inveniunt</strong></span> <span class='ocrx_word' id='word_1_131' title='bbox 334 1449 447 1502; x_wconf 87' lang='lat' dir='ltr'><strong>intectas</strong></span> <span class='ocrx_word' id='word_1_132' title='bbox 458 1450 551 1502; x_wconf 79' lang='lat' dir='ltr'><strong>fronde</strong></span> <span class='ocrx_word' id='word_1_133' title='bbox 563 1450 670 1519; x_wconf 85' lang='lat' dir='ltr'><strong>quietes,</strong></span> 
     </span>
    </p>

    <p class='ocr_par' dir='ltr' id='par_1_12' title="bbox 56 1517 678 1585">
     <span class='ocr_line' id='line_1_21' title="bbox 56 1517 678 1585; baseline 0.003 -15"><span class='ocrx_word' id='word_1_134' title='bbox 56 1517 143 1583; x_wconf 81' lang='lat' dir='ltr'><strong>Quum</strong></span> <span class='ocrx_word' id='word_1_135' title='bbox 155 1518 235 1571; x_wconf 91' lang='lat' dir='ltr'><strong>semel</strong></span> <span class='ocrx_word' id='word_1_136' title='bbox 247 1517 392 1571; x_wconf 86' lang='lat' dir='ltr'><strong>institerint</strong></span> <span class='ocrx_word' id='word_1_137' title='bbox 404 1519 515 1585; x_wconf 82' lang='lat' dir='ltr'><strong>vestigia</strong></span> <span class='ocrx_word' id='word_1_138' title='bbox 527 1525 598 1571; x_wconf 88' lang='lat' dir='ltr'><strong>certa</strong></span> <span class='ocrx_word' id='word_1_139' title='bbox 610 1519 678 1572; x_wconf 81' lang='lat' dir='ltr'><strong>viai:</strong></span> 
     </span>
    </p>

    <p class='ocr_par' dir='ltr' id='par_1_13' title="bbox 55 1585 612 1656">
     <span class='ocr_line' id='line_1_22' title="bbox 55 1585 612 1656; baseline 0.002 -17"><span class='ocrx_word' id='word_1_140' title='bbox 55 1586 98 1639; x_wconf 77' lang='lat' dir='ltr'><strong>sic</strong></span> <span class='ocrx_word' id='word_1_141' title='bbox 110 1585 168 1639; x_wconf 89' lang='lat' dir='ltr'><strong>alid</strong></span> <span class='ocrx_word' id='word_1_142' title='bbox 180 1604 214 1639; x_wconf 89' lang='lat' dir='ltr'><strong>ex</strong></span> <span class='ocrx_word' id='word_1_143' title='bbox 225 1587 277 1640; x_wconf 84' lang='lat' dir='ltr'><strong>alio</strong></span> <span class='ocrx_word' id='word_1_144' title='bbox 288 1603 335 1654; x_wconf 89' lang='lat' dir='ltr'><strong>per</strong></span> <span class='ocrx_word' id='word_1_145' title='bbox 346 1592 373 1639; x_wconf 87' lang='lat' dir='ltr'><strong>te</strong></span> <span class='ocrx_word' id='word_1_146' title='bbox 385 1593 444 1640; x_wconf 87' lang='lat' dir='ltr'><strong>tute</strong></span> <span class='ocrx_word' id='word_1_147' title='bbox 456 1587 511 1656; x_wconf 87' lang='lat' dir='ltr'><strong>ipse</strong></span> <span class='ocrx_word' id='word_1_148' title='bbox 523 1588 612 1640; x_wconf 83' lang='lat' dir='ltr'><strong>videre</strong></span> 
     </span>
    </p>

    <p class='ocr_par' dir='ltr' id='par_1_14' title="bbox 55 1654 678 1725">
     <span class='ocr_line' id='line_1_23' title="bbox 55 1654 678 1725; baseline 0.003 -18"><span class='ocrx_word' id='word_1_149' title='bbox 55 1654 163 1708; x_wconf 69' lang='lat' dir='ltr'><strong>Talibus</strong></span> <span class='ocrx_word' id='word_1_150' title='bbox 174 1657 205 1708; x_wconf 90' lang='lat' dir='ltr'><strong>in</strong></span> <span class='ocrx_word' id='word_1_151' title='bbox 216 1655 293 1709; x_wconf 89' lang='lat' dir='ltr'><strong>rebus</strong></span> <span class='ocrx_word' id='word_1_152' title='bbox 305 1656 409 1725; x_wconf 87' lang='lat' dir='ltr'><strong>poteris,</strong></span> <span class='ocrx_word' id='word_1_153' title='bbox 422 1673 553 1725; x_wconf 87' lang='lat' dir='ltr'><strong>caecasque</strong></span> <span class='ocrx_word' id='word_1_154' title='bbox 564 1655 678 1710; x_wconf 87' lang='lat' dir='ltr'><strong>latebras</strong></span> 
     </span>
    </p>

    <p class='ocr_par' dir='ltr' id='par_1_15' title="bbox 55 1723 894 1792">
     <span class='ocr_line' id='line_1_24' title="bbox 55 1723 894 1792; baseline 0 -16"><span class='ocrx_word' id='word_1_155' title='bbox 55 1723 195 1777; x_wconf 89' lang='lat' dir='ltr'><strong>Insinuare</strong></span> <span class='ocrx_word' id='word_1_156' title='bbox 208 1743 303 1789; x_wconf 86' lang='lat' dir='ltr'><strong>omnes,</strong></span> <span class='ocrx_word' id='word_1_157' title='bbox 316 1732 343 1777; x_wconf 92' lang='lat' dir='ltr'><strong>et</strong></span> <span class='ocrx_word' id='word_1_158' title='bbox 355 1742 447 1778; x_wconf 84' lang='lat' dir='ltr'><strong>verum</strong></span> <span class='ocrx_word' id='word_1_159' title='bbox 458 1726 609 1792; x_wconf 73' lang='lat' dir='ltr'><strong>protrahere</strong></span> <span class='ocrx_word' id='word_1_160' title='bbox 621 1726 689 1779; x_wconf 85' lang='lat' dir='ltr'><strong>inde.</strong></span> <span class='ocrx_word' id='word_1_161' title='bbox 842 1729 894 1777; x_wconf 81' lang='lat'><strong>410</strong></span> 
     </span>
    </p>

    <p class='ocr_par' dir='ltr' id='par_1_16' title="bbox 56 1793 737 2068">
     <span class='ocr_line' id='line_1_25' title="bbox 89 1793 737 1862; baseline 0.005 -18"><span class='ocrx_word' id='word_1_162' title='bbox 89 1793 167 1856; x_wconf 84' lang='lat' dir='ltr'><strong>Quod</strong></span> <span class='ocrx_word' id='word_1_163' title='bbox 180 1795 202 1845; x_wconf 88' lang='lat' dir='ltr'><strong>si</strong></span> <span class='ocrx_word' id='word_1_164' title='bbox 214 1794 333 1862; x_wconf 70' lang='lat' dir='ltr'><strong>pigritie,</strong></span> <span class='ocrx_word' id='word_1_165' title='bbox 345 1794 489 1862; x_wconf 85' lang='lat' dir='ltr'><strong>paulumve</strong></span> <span class='ocrx_word' id='word_1_166' title='bbox 500 1795 633 1847; x_wconf 90' lang='lat' dir='ltr'><strong>recesseris</strong></span> <span class='ocrx_word' id='word_1_167' title='bbox 644 1794 690 1847; x_wconf 85' lang='lat' dir='ltr'><strong>abs</strong></span> <span class='ocrx_word' id='word_1_168' title='bbox 701 1812 737 1861; x_wconf 89' lang='lat' dir='ltr'><strong>re,</strong></span> 
     </span>
     <span class='ocr_line' id='line_1_26' title="bbox 56 1860 729 1931; baseline 0.004 -19"><span class='ocrx_word' id='word_1_169' title='bbox 56 1860 113 1913; x_wconf 85' lang='lat' dir='ltr'><strong>Hoc</strong></span> <span class='ocrx_word' id='word_1_170' title='bbox 126 1862 177 1913; x_wconf 92' lang='lat' dir='ltr'><strong>tibi</strong></span> <span class='ocrx_word' id='word_1_171' title='bbox 189 1862 222 1914; x_wconf 90' lang='lat' dir='ltr'><strong>de</strong></span> <span class='ocrx_word' id='word_1_172' title='bbox 252 1863 313 1916; x_wconf 89' lang='lat' dir='ltr'><strong>lano</strong></span> <span class='ocrx_word' id='word_1_173' title='bbox 324 1879 429 1931; x_wconf 87' lang='lat' dir='ltr'><strong>possum</strong></span> <span class='ocrx_word' id='word_1_174' title='bbox 441 1864 600 1931; x_wconf 86' lang='lat' dir='ltr'><strong>promittere,</strong></span> <span class='ocrx_word' id='word_1_175' title='bbox 612 1864 729 1930; x_wconf 87' lang='lat' dir='ltr'><strong>Memmi,</strong></span> 
     </span>
     <span class='ocr_line' id='line_1_27' title="bbox 56 1880 728 2001; baseline 0.004 -18"><span class='ocrx_word' id='word_1_176' title='bbox 56 1930 146 1998; x_wconf 89' lang='lat' dir='ltr'><strong>Usque</strong></span> <span class='ocrx_word' id='word_1_177' title='bbox 158 1931 225 1984; x_wconf 85' lang='lat' dir='ltr'><strong>adeo</strong></span> <span class='ocrx_word' id='word_1_178' title='bbox 233 1880 322 1998; x_wconf 62' lang='lat' dir='ltr'><strong>dargos</strong></span> <span class='ocrx_word' id='word_1_179' title='bbox 333 1931 444 1983; x_wconf 88' lang='lat' dir='ltr'><strong>haustus</strong></span> <span class='ocrx_word' id='word_1_180' title='bbox 457 1931 489 1983; x_wconf 89' lang='lat' dir='ltr'><strong>de</strong></span> <span class='ocrx_word' id='word_1_181' title='bbox 501 1932 613 1985; x_wconf 84' lang='lat' dir='ltr'><strong>fontibu’</strong></span> <span class='ocrx_word' id='word_1_182' title='bbox 624 1934 728 2001; x_wconf 82' lang='lat' dir='ltr'><strong>magnis</strong></span> 
     </span>
     <span class='ocr_line' id='line_1_28' title="bbox 56 1998 666 2068; baseline 0.005 -17"><span class='ocrx_word' id='word_1_183' title='bbox 56 1998 161 2067; x_wconf 83' lang='lat' dir='ltr'><strong>lingua</strong></span> <span class='ocrx_word' id='word_1_184' title='bbox 172 2015 231 2052; x_wconf 89' lang='lat' dir='ltr'><strong>meo</strong></span> <span class='ocrx_word' id='word_1_185' title='bbox 243 2000 331 2052; x_wconf 87' lang='lat' dir='ltr'><strong>suavis</strong></span> <span class='ocrx_word' id='word_1_186' title='bbox 343 2000 393 2052; x_wconf 88' lang='lat' dir='ltr'><strong>diti</strong></span> <span class='ocrx_word' id='word_1_187' title='bbox 405 2000 438 2052; x_wconf 92' lang='lat' dir='ltr'><strong>de</strong></span> <span class='ocrx_word' id='word_1_188' title='bbox 450 2007 554 2068; x_wconf 90' lang='lat' dir='ltr'><strong>pectore</strong></span> <span class='ocrx_word' id='word_1_189' title='bbox 565 2002 666 2068; x_wconf 85' lang='lat' dir='ltr'><strong>fundet,</strong></span> 
     </span>
    </p>

    <p class='ocr_par' dir='ltr' id='par_1_17' title="bbox 55 2067 738 2344">
     <span class='ocr_line' id='line_1_29' title="bbox 56 2067 738 2138; baseline 0.004 -18"><span class='ocrx_word' id='word_1_190' title='bbox 56 2067 92 2120; x_wconf 91' lang='lat' dir='ltr'><strong>Ut</strong></span> <span class='ocrx_word' id='word_1_191' title='bbox 103 2085 204 2134; x_wconf 79' lang='lat' dir='ltr'><strong>verear,</strong></span> <span class='ocrx_word' id='word_1_192' title='bbox 216 2086 250 2121; x_wconf 89' lang='lat' dir='ltr'><strong>ne</strong></span> <span class='ocrx_word' id='word_1_193' title='bbox 261 2070 337 2122; x_wconf 87' lang='lat' dir='ltr'><strong>tarda</strong></span> <span class='ocrx_word' id='word_1_194' title='bbox 349 2069 422 2138; x_wconf 90' lang='lat' dir='ltr'><strong>prius</strong></span> <span class='ocrx_word' id='word_1_195' title='bbox 434 2087 480 2137; x_wconf 91' lang='lat' dir='ltr'><strong>per</strong></span> <span class='ocrx_word' id='word_1_196' title='bbox 492 2070 607 2122; x_wconf 88' lang='lat' dir='ltr'><strong>membre</strong></span> <span class='ocrx_word' id='word_1_197' title='bbox 619 2077 738 2123; x_wconf 90' lang='lat' dir='ltr'><strong>senectus</strong></span> 
     </span>
     <span class='ocr_line' id='line_1_30' title="bbox 56 2136 659 2206; baseline 0.003 -16"><span class='ocrx_word' id='word_1_198' title='bbox 56 2136 156 2206; x_wconf 81' lang='lat' dir='ltr'><strong>Serpat,</strong></span> <span class='ocrx_word' id='word_1_199' title='bbox 169 2144 197 2190; x_wconf 87' lang='lat' dir='ltr'><strong>et</strong></span> <span class='ocrx_word' id='word_1_200' title='bbox 208 2138 238 2189; x_wconf 92' lang='lat' dir='ltr'><strong>in</strong></span> <span class='ocrx_word' id='word_1_201' title='bbox 249 2138 324 2190; x_wconf 86' lang='lat' dir='ltr'><strong>nobis</strong></span> <span class='ocrx_word' id='word_1_202' title='bbox 335 2139 402 2191; x_wconf 81' lang='lat' dir='ltr'><strong>vitei</strong></span> <span class='ocrx_word' id='word_1_203' title='bbox 415 2137 529 2192; x_wconf 85' lang='lat' dir='ltr'><strong>claustra</strong></span> <span class='ocrx_word' id='word_1_204' title='bbox 540 2139 659 2206; x_wconf 83' lang='lat' dir='ltr'><strong>resolvat,</strong></span> 
     </span>
     <span class='ocr_line' id='line_1_31' title="bbox 56 2206 682 2274; baseline 0.005 -16"><span class='ocrx_word' id='word_1_205' title='bbox 56 2206 141 2270; x_wconf 84' lang='lat' dir='ltr'><strong>Quam</strong></span> <span class='ocrx_word' id='word_1_206' title='bbox 154 2206 206 2259; x_wconf 92' lang='lat' dir='ltr'><strong>tibi</strong></span> <span class='ocrx_word' id='word_1_207' title='bbox 218 2207 251 2258; x_wconf 90' lang='lat' dir='ltr'><strong>dc</strong></span> <span class='ocrx_word' id='word_1_208' title='bbox 263 2208 356 2274; x_wconf 87' lang='lat' dir='ltr'><strong>quavis</strong></span> <span class='ocrx_word' id='word_1_209' title='bbox 368 2225 422 2260; x_wconf 89' lang='lat' dir='ltr'><strong>una</strong></span> <span class='ocrx_word' id='word_1_210' title='bbox 433 2225 461 2259; x_wconf 93' lang='lat' dir='ltr'><strong>re</strong></span> <span class='ocrx_word' id='word_1_211' title='bbox 473 2207 590 2260; x_wconf 88' lang='lat' dir='ltr'><strong>versibus</strong></span> <span class='ocrx_word' id='word_1_212' title='bbox 599 2209 682 2261; x_wconf 87' lang='lat' dir='ltr'><strong>omnis</strong></span> 
     </span>
     <span class='ocr_line' id='line_1_32' title="bbox 55 2275 656 2344; baseline 0.003 -17"><span class='ocrx_word' id='word_1_213' title='bbox 55 2275 281 2343; x_wconf 78' lang='lat' dir='ltr'><strong>Argumentorum</strong></span> <span class='ocrx_word' id='word_1_214' title='bbox 293 2276 327 2328; x_wconf 90' lang='lat' dir='ltr'><strong>sit</strong></span> <span class='ocrx_word' id='word_1_215' title='bbox 339 2277 414 2344; x_wconf 86' lang='lat' dir='ltr'><strong>copia</strong></span> <span class='ocrx_word' id='word_1_216' title='bbox 425 2277 505 2328; x_wconf 87' lang='lat' dir='ltr'><strong>missa</strong></span> <span class='ocrx_word' id='word_1_217' title='bbox 517 2294 563 2344; x_wconf 90' lang='lat' dir='ltr'><strong>per</strong></span> <span class='ocrx_word' id='word_1_218' title='bbox 574 2294 656 2330; x_wconf 88' lang='lat' dir='ltr'><strong>aures.</strong></span> 
     </span>
    </p>

    <p class='ocr_par' dir='ltr' id='par_1_18' title="bbox 56 2343 735 2414">
     <span class='ocr_line' id='line_1_33' title="bbox 56 2343 735 2414; baseline 0.001 -17"><span class='ocrx_word' id='word_1_219' title='bbox 56 2343 106 2397; x_wconf 83' lang='lat' dir='ltr'><strong>Sed</strong></span> <span class='ocrx_word' id='word_1_220' title='bbox 118 2361 190 2397; x_wconf 92' lang='lat' dir='ltr'><strong>nunc</strong></span> <span class='ocrx_word' id='word_1_221' title='bbox 202 2350 235 2396; x_wconf 90' lang='lat' dir='ltr'><strong>ut</strong></span> <span class='ocrx_word' id='word_1_222' title='bbox 245 2355 363 2413; x_wconf 87' lang='lat' dir='ltr'><strong>repetam</strong></span> <span class='ocrx_word' id='word_1_223' title='bbox 375 2350 490 2413; x_wconf 86' lang='lat' dir='ltr'><strong>coeptum</strong></span> <span class='ocrx_word' id='word_1_224' title='bbox 502 2351 638 2414; x_wconf 87' lang='lat' dir='ltr'><strong>pertexere</strong></span> <span class='ocrx_word' id='word_1_225' title='bbox 649 2345 735 2398; x_wconf 87' lang='lat' dir='ltr'><strong>dictis.</strong></span> 
     </span>
    </p>
   </div>
   <div class='ocr_carea' id='block_1_3' title="bbox 224 2455 728 2527">
    <p class='ocr_par' dir='ltr' id='par_1_19' title="bbox 224 2455 728 2527">
     <span class='ocr_line' id='line_1_34' title="bbox 224 2455 728 2527; baseline -0.004 -17"><span class='ocrx_word' id='word_1_226' title='bbox 224 2455 324 2527; x_wconf 75' lang='lat' dir='ltr'><strong>Corpus</strong></span> <span class='ocrx_word' id='word_1_227' title='bbox 335 2467 358 2512; x_wconf 81' lang='lat' dir='ltr'><strong>et</strong></span> <span class='ocrx_word' id='word_1_228' title='bbox 369 2458 451 2511; x_wconf 77' lang='lat' dir='ltr'><strong>inane</strong></span> <span class='ocrx_word' id='word_1_229' title='bbox 462 2475 511 2510; x_wconf 79' lang='lat' dir='ltr'><strong>esre</strong></span> <span class='ocrx_word' id='word_1_230' title='bbox 522 2465 621 2510; x_wconf 73' lang='lat' dir='ltr'><strong>natura</strong></span> <span class='ocrx_word' id='word_1_231' title='bbox 633 2473 728 2508; x_wconf 80' lang='lat' dir='ltr'><strong>rerum.</strong></span> 
     </span>
    </p>
   </div>
   <div class='ocr_carea' id='block_1_4' title="bbox 59 2538 893 2680">
    <p class='ocr_par' dir='ltr' id='par_1_20' title="bbox 59 2538 893 2680">
     <span class='ocr_line' id='line_1_35' title="bbox 91 2538 893 2611; baseline -0.006 -15"><span class='ocrx_word' id='word_1_232' title='bbox 91 2543 191 2609; x_wconf 84' lang='lat' dir='ltr'><strong>Omnis,</strong></span> <span class='ocrx_word' id='word_1_233' title='bbox 203 2548 236 2594; x_wconf 91' lang='grc' dir='ltr'><strong>ιιι</strong></span> <span class='ocrx_word' id='word_1_234' title='bbox 248 2548 294 2608; x_wconf 86' lang='lat' dir='ltr'><strong>est,</strong></span> <span class='ocrx_word' id='word_1_235' title='bbox 306 2543 389 2610; x_wconf 86' lang='lat' dir='ltr'><strong>igitur</strong></span> <span class='ocrx_word' id='word_1_236' title='bbox 400 2561 447 2611; x_wconf 91' lang='lat' dir='ltr'><strong>per</strong></span> <span class='ocrx_word' id='word_1_237' title='bbox 459 2561 486 2595; x_wconf 89' lang='lat' dir='ltr'><strong>se</strong></span> <span class='ocrx_word' id='word_1_238' title='bbox 498 2548 594 2594; x_wconf 85' lang='lat' dir='ltr'><strong>natura</strong></span> <span class='ocrx_word' id='word_1_239' title='bbox 605 2538 707 2592; x_wconf 80' lang='lat' dir='ltr'><strong>duobus</strong></span> <span class='ocrx_word' id='word_1_240' title='bbox 842 2543 893 2592; x_wconf 76' lang='lat'><strong>420</strong></span> 
     </span>
     <span class='ocr_line' id='line_1_36' title="bbox 59 2609 743 2680; baseline -0.007 -16"><span class='ocrx_word' id='word_1_241' title='bbox 59 2611 183 2664; x_wconf 78' lang='lat' dir='ltr'><strong>Constitit</strong></span> <span class='ocrx_word' id='word_1_242' title='bbox 193 2611 223 2662; x_wconf 96' lang='lat' dir='ltr'><strong>in</strong></span> <span class='ocrx_word' id='word_1_243' title='bbox 234 2611 326 2676; x_wconf 86' lang='lat' dir='ltr'><strong>rebus;</strong></span> <span class='ocrx_word' id='word_1_244' title='bbox 343 2630 405 2664; x_wconf 92' lang='lat' dir='ltr'><strong>nam</strong></span> <span class='ocrx_word' id='word_1_245' title='bbox 417 2628 524 2680; x_wconf 88' lang='lat' dir='ltr'><strong>corpora</strong></span> <span class='ocrx_word' id='word_1_246' title='bbox 536 2616 606 2675; x_wconf 92' lang='lat' dir='ltr'><strong>sunt,</strong></span> <span class='ocrx_word' id='word_1_247' title='bbox 618 2615 645 2660; x_wconf 91' lang='lat' dir='ltr'><strong>et</strong></span> <span class='ocrx_word' id='word_1_248' title='bbox 656 2609 743 2674; x_wconf 91' lang='lat' dir='ltr'><strong>inane,</strong></span> 
     </span>
    </p>
   </div>
   <div class='ocr_carea' id='block_1_5' title="bbox 375 2703 587 2754">
    <p class='ocr_par' dir='ltr' id='par_1_21' title="bbox 375 2703 587 2754">
     <span class='ocr_line' id='line_1_37' title="bbox 375 2703 587 2754; baseline 0 -8"><span class='ocrx_word' id='word_1_249' title='bbox 375 2703 383 2735; x_wconf 85' lang='lat'><strong>¹</strong></span> <span class='ocrx_word' id='word_1_250' title='bbox 396 2705 527 2754; x_wconf 57' lang='lat' dir='ltr'><strong>&amp;uoluam</strong></span> <span class='ocrx_word' id='word_1_251' title='bbox 536 2703 587 2746; x_wconf 74' lang='lat' dir='ltr'><strong>Me.</strong></span> 
     </span>
    </p>
   </div>
   <div class='ocr_carea' id='block_1_6' title="bbox 928 2672 944 2783">
    <p class='ocr_par' dir='ltr' id='par_1_22' title="bbox 928 2672 944 2783">
     <span class='ocr_line' id='line_1_38' title="bbox 928 2672 944 2783; baseline 0 0"><span class='ocrx_word' id='word_1_252' title='bbox 928 2672 944 2783; x_wconf 80' lang='lat' dir='ltr'><strong>t</strong></span> 
     </span>
    </p>
   </div>
   <div class='ocr_carea' id='block_1_7' title="bbox 0 0 971 2964">
    <p class='ocr_par' dir='ltr' id='par_1_23' title="bbox 0 0 971 2964">
     <span class='ocr_line' id='line_1_39' title="bbox 0 0 971 2964; baseline 0 0"><span class='ocrx_word' id='word_1_253' title='bbox 0 0 971 2964; x_wconf 95' lang='lat' dir='ltr'><strong> </strong></span> 
     </span>
    </p>
   </div>
  </div>
 </body>
</html>
