1928 2964
71 148 121 199 166
374 144 403 198 Ψ.
422 143 590 198 ruerem

71 245 219 316 Imparsstus
231 263 337 298 currens
349 245 511 298 anfractibus
524 244 630 298 aetheris
641 262 701 298 ores

72 316 166 382 Partit‚
179 321 206 367 et
218 316 246 367 in
258 322 345 384 partes
357 332 411 367 non
423 333 510 383 aequas
522 314 619 366 dividit
631 314 738 378 orbem;

72 386 115 450 Et,
127 385 197 453 quod
209 384 242 436 ab
254 384 384 436 alterutra
395 384 511 435 detraxit
523 389 606 451 parte,
617 384 725 450 reponit

73 454 137 522 Ejus
148 455 177 505 in
189 453 297 506 adversa
309 459 384 504 tanto
396 453 456 519 plus
468 459 543 520 parte
554 451 670 514 relatus;

74 523 162 575 Donec
174 522 208 575 ad
220 522 248 573 id
261 522 364 589 signum
377 521 435 572 coeli
447 521 573 588 pervenit,
585 519 632 570 ubi
643 520 710 572 anni

74 592 164 643 Nodus
176 596 317 643 noeturnae
330 596 451 658 exaequet
463 589 566 640 lucibus
577 588 700 641 umbras:

75 660 143 711 Nam
154 659 239 711 medio
252 676 329 710 cursu
341 658 420 710 flatus
432 657 568 726 Aquilonis
581 663 607 708 et
619 657 713 710 Austri

75 728 191 779 Distinet
203 733 306 794 aequato
318 727 413 778 ooelum
425 726 574 777 discrimine
585 731 678 792 metas,

77 797 188 864 Propter
200 795 318 863 signiferi
329 796 474 863 posituram
486 795 568 846 totius
580 794 656 859 orbis,

77 865 172 916 Annua
184 865 222 916 sol
233 865 262 916 in
274 880 325 931 quo
337 864 477 915 contundit
489 870 607 931 tempora
618 880 732 931 serpens,

78 932 190 1001 Obliquo
202 940 283 985 terras
295 937 322 984 et
334 932 428 984 eoelum
439 932 540 984 lumine
551 931 682 996 lustrans;

78 1002 114 1055 Ut
125 1003 192 1054 ratio
205 1001 321 1053 declarat
332 1017 429 1067 eorum,
442 1001 488 1068 qui
499 1001 556 1052 loea
568 1001 627 1052 coeli

78 1071 173 1123 Omnia
185 1070 316 1138 dispositis
329 1070 409 1136 signis
421 1075 513 1121 ornata
524 1073 664 1121 notarunt:

77 1141 141 1206 Aut,
154 1140 216 1206 quie
228 1139 336 1190 crassior
347 1145 387 1190 est
399 1139 476 1190 certis
488 1140 516 1189 in
528 1138 647 1206 partibus
659 1139 713 1204 aer,

79 1207 132 1261 Sub
144 1208 220 1261 terris
232 1208 290 1260 ideo
302 1208 445 1260 tremulum
453 1208 533 1275 jubar
544 1208 650 1260 haesitet
661 1207 726 1274 igni,

79 1277 133 1328 Nee
144 1283 280 1345 penetrare
291 1283 377 1345 potest
388 1276 466 1328 facile
478 1283 558 1344 etque
569 1293 699 1342 emergere
711 1275 745 1328 ad
759 1281 799 1329 ort

79 1345 220 1414 Propterea
231 1352 320 1398 noctes
331 1345 439 1398 hiberno
452 1352 567 1414 tempore
578 1345 664 1412 longus

82 1414 197 1482 Cessent,
206 1415 270 1466 dnm
282 1415 371 1467 veniat
383 1415 515 1466 radiatum
526 1415 629 1481 insigne
642 1413 708 1466 diei:

112 1484 168 1535 Aut
180 1484 268 1550 etiem,
280 1484 342 1550 quia
354 1484 390 1535 sie
402 1484 511 1535 alternis
523 1483 641 1550 pertibus
652 1482 718 1535 anni

80 1552 189 1604 Tardius
201 1557 228 1603 et
240 1552 318 1603 eitius
331 1557 490 1604 consuerunt
502 1552 630 1603 confluere
642 1551 725 1619 ignes,

80 1620 131 1684 Qui
142 1621 245 1673 faciunt
257 1621 336 1673 solem
348 1628 419 1674 certa
431 1621 568 1688 desurgere
579 1625 661 1688 parte.

377 1737 417 1790 De
428 1736 529 1790 lumine
540 1736 617 1790 larue.

114 1821 190 1874 Luna
201 1826 287 1890 potest
300 1822 360 1874 solis
372 1823 453 1874 rediis
465 1840 587 1892 pereussa
599 1823 691 1891 nitere,

81 1889 165 1958 lnque
177 1891 232 1943 dies
243 1893 328 1959 majus
341 1893 430 1944 lumen
443 1900 592 1944 convertere
604 1892 678 1944 nobis

79 1959 120 2010 Ad
133 1961 251 2028 speeiem,
265 1968 394 2028 quantum
406 1961 465 2012 solis
478 1962 574 2013 secedit
587 1961 619 2013 ab
632 1961 701 2028 orbe,

80 2027 168 2080 Donec
180 2045 240 2080 eum
252 2035 343 2080 eontra
355 2030 431 2097 pleno
443 2030 509 2081 bene
521 2030 621 2082 lumine
632 2030 717 2096 fulsit,

79 2097 167 2165 Atque
180 2098 264 2148 oriens
276 2097 362 2148 obitus
375 2101 430 2164 ejus
444 2099 604 2166 superedita
617 2099 698 2151 vidit:

80 2166 146 2218 Inde
157 2165 310 2218 minutatim
322 2172 390 2217 retro
403 2168 478 2233 quasi
490 2168 600 2219 condere
612 2167 703 2220 lumen

79 2234 163 2287 Debet
175 2235 246 2301 item,
260 2240 359 2302 quanto
371 2236 477 2302 propius
486 2238 543 2302 jem
556 2237 616 2287 solis
629 2237 662 2288 ed
674 2238 764 2304 ignem

80 2302 189 2355 Labitur
202 2321 234 2355 ex
247 2303 300 2355 alia
312 2304 445 2371 signorum
458 2310 533 2371 parte
544 2322 591 2372 per
603 2305 704 2358 orbem:

80 2372 116 2423 Ut
128 2373 239 2438 faciunt,
251 2373 343 2425 lunam
355 2373 400 2440 qui
412 2373 518 2439 fingunt
530 2390 584 2424 esse
596 2374 662 2440 pilai

79 2440 252 2506 Consimilem‚
266 2459 407 2509 cursusque
419 2443 490 2493 viam
503 2442 550 2493 sub
563 2442 615 2493 sole
627 2449 730 2497 tenere:

79 2507 219 2576 Propterea
231 2510 269 2577 fit,
283 2512 323 2562 uti
335 2511 475 2563 videantur
487 2510 573 2562 dicere
585 2528 683 2563 verum.

114 2576 162 2628 Est
175 2579 255 2629 etiam
269 2596 348 2646 quare
360 2579 464 2647 proprio
476 2595 537 2629 oum
550 2577 648 2630 lumine
660 2580 742 2647 possit

79 2644 191 2714 Volvier,
204 2651 231 2698 et
243 2649 329 2700 varias
341 2645 485 2716 splendoris
497 2646 605 2698 reddere
616 2647 720 2702 formas.
