1928 2964
118 123 169 175 180
418 121 447 176 Τ.
464 122 632 177 nucleum

117 224 263 291 Terrarum,
275 228 302 276 et
313 223 387 276 festis
400 225 470 292 cogit
482 225 610 277 celebrare
622 225 728 280 diebus:

117 294 178 346 Non
188 294 228 345 ita
240 293 345 345 difficile
357 301 397 345 est
408 295 536 346 rationem
547 294 655 346 reddere
667 295 760 348 verbis.

152 363 256 432 Quippe
268 363 365 414 etenim
373 364 431 429 jam
443 370 499 414 tum
512 362 603 414 divum
615 364 738 416 mortalia
750 365 831 418 saecla

116 431 242 500 Egregiae
254 433 341 511 animo
353 432 433 483 facies
445 431 573 498 vigilante
585 431 718 499 videbant,

116 501 152 552 Et
164 501 247 568 magis
259 517 288 551 ιιι
300 501 396 551 somnis
407 500 527 551 mirando
539 501 651 568 corporis
663 509 751 555 auctu.
889 504 949 556 1170

116 569 166 621 His
178 571 260 637 igitur
272 585 376 620 sensum
389 567 546 634 tribuebant,
559 575 696 636 propterea
708 571 779 639 quod

115 638 235 690 Membra
246 653 350 689 movere
362 636 526 702 videbantur,
539 653 665 704 vocesque
677 640 816 706 superbas·

115 706 226 758 Mittere
239 723 285 773 pro
296 706 364 757 faoie
376 706 501 774 praeclara
513 714 540 757 et
551 706 650 757 viribus
662 708 772 775 amplis:

113 775 302 842 AEternamque
314 775 412 827 dabant
425 775 514 838 vitam,
528 775 589 842 quia
602 792 702 842 semper
714 793 805 829 corum

113 844 337 912 Suppeditabatur
347 844 435 909 facies,
447 850 474 894 et
486 844 569 896 forma
579 843 718 908 manebat;

113 913 148 966 Et
161 921 249 966 tamen
262 914 374 979 omnino,
387 913 456 981 quod
468 913 550 964 tantis
562 911 660 964 viribus
672 921 763 966 auctos

112 982 138 1033 N
138 999 172 1033 on
184 989 280 1035 temere
292 982 348 1034 ulla
360 983 386 1033 vi
399 982 518 1033 convinci
530 998 603 1049 posse
615 982 752 1050 putabant.

112 1051 286 1118 Fortunisque
298 1051 356 1103 ideo
368 1051 445 1117 longe
457 1059 579 1118 praestare
591 1051 728 1118 putabant,

113 1121 188 1184 Quod
199 1121 290 1171 mortis
302 1120 380 1171 timor
391 1118 463 1171 haud
476 1135 632 1186 quemquam
644 1125 752 1171 vexaret
764 1137 864 1190 eorum,

112 1189 147 1241 Et
159 1190 237 1240 simul
249 1189 277 1240 in
290 1189 386 1240 somnis
399 1188 462 1256 quia
473 1188 558 1239 multa
570 1195 596 1239 et
608 1188 675 1239 mira
687 1189 815 1243 videbant
883 1194 947 1243 1180

111 1257 227 1322 Efficere,
239 1264 266 1310 et
278 1258 382 1309 nullum
394 1274 485 1325 capere
497 1257 566 1324 ipsos
578 1257 639 1308 inde
651 1257 773 1311 laborem

145 1326 282 1393 Praeterea,
294 1328 352 1379 coeli
363 1328 475 1379 rationes
488 1326 577 1377 ordine
588 1331 658 1378 certo

110 1395 146 1448 Et
158 1397 231 1448 varia
242 1413 369 1448 annorum
382 1395 521 1448 cernebant
533 1401 651 1463 tempora
662 1396 745 1460 verti3

111 1464 166 1516 Nec
178 1473 300 1532 poterant
312 1465 407 1533 quibus
419 1465 446 1515 id
458 1464 532 1516 fieret
544 1480 697 1532 cognoscere
709 1465 809 1518 causis:

112 1533 180 1600 Ergo
192 1533 342 1600 perfugium
355 1535 405 1586 sibi
417 1533 556 1599 habebant,
570 1533 657 1584 omnia
669 1533 738 1585 divis

111 1601 228 1667 Tradere,
241 1610 268 1653 et
280 1603 384 1654 illorum
396 1611 465 1654 nutu
477 1603 562 1654 facere
575 1603 662 1653 omnia
673 1602 752 1655 flecti

111 1670 143 1720 In
155 1670 271 1737 coeloque
284 1671 363 1722 deum
375 1672 447 1721 sedes
460 1677 486 1723 et
498 1672 597 1738 templa
610 1670 737 1738 locarunt,

110 1738 160 1790 Per
172 1739 266 1790 coelum
278 1739 347 1790 volvi
360 1740 421 1807 quia
433 1741 471 1792 sol
483 1746 510 1791 et
521 1739 586 1791 luna
598 1740 736 1803 videntur3
789 1792 793 1799 ,

110 1807 192 1873 Luna,
205 1808 267 1874 dies,
280 1816 307 1859 et
319 1825 379 1875 nox,
392 1814 419 1860 et
431 1810 515 1861 noctis
527 1809 603 1875 signa
615 1825 712 1874 severa,

110 1877 133 1926 N
135 1878 313 1945 octivagaeque
324 1878 394 1929 faces
407 1879 472 1943 coeli,
485 1878 648 1944 flammaeque
661 1877 787 1944 volantes,
877 1883 932 1932 119⁴

31 1987 34 1993 .
110 1945 214 2011 Nubila,
227 1964 275 2012 ros,
288 1947 390 2013 imbres,
403 1949 457 2013 nix,
470 1947 550 2012 venti,
563 1946 683 2012 fulmina,
696 1946 804 2013 grando,

109 2014 144 2066 Et
156 2016 241 2082 rapidi
254 2016 381 2081 fremitus,
395 2023 421 2067 et
433 2033 567 2067 murmura
578 2032 675 2081 magna
687 2015 827 2068 minarum

145 2084 166 2136 O
178 2100 261 2151 genus
273 2085 366 2134 infelix
379 2085 540 2138 humanum!
554 2084 619 2135 talia
631 2084 700 2134 divis

109 2152 197 2212 Quum
210 2153 303 2204 tribuit
315 2153 393 2219 facta,
406 2161 485 2221 atque
498 2155 549 2205 iras
560 2153 684 2220 adjunxit
697 2152 816 2206 acerbas:

110 2222 226 2284 Quantos
238 2228 296 2273 tum
309 2223 422 2289 gemitus
434 2223 485 2290 ipsi
497 2222 553 2287 sibi,
566 2227 718 2289 quantaque
729 2222 804 2274 nobis

109 2290 232 2356 Vulnera,
245 2308 310 2358 quae
322 2292 450 2359 lacrymas
463 2309 584 2359 peperere
597 2289 736 2341 minoribu'
749 2292 860 2344 nostris!

143 2360 167 2410 N
169 2376 197 2411 ec
209 2361 293 2428 pietas
305 2361 360 2411 ulla
372 2368 418 2425 est,
431 2361 547 2413 velatum
560 2377 627 2427 saepe
640 2359 723 2410 videri

108 2427 210 2479 Vertier
223 2429 256 2479 ad
268 2429 389 2497 lapidem,
403 2436 482 2497 atque
493 2446 582 2480 omnes
594 2427 715 2478 accedere
727 2427 761 2479 ad
773 2445 846 2492 aras3

107 2495 161 2546 Nec
174 2498 340 2562 procumbere
353 2498 426 2557 humi
441 2503 605 2565 prostratum,
618 2502 644 2546 et
656 2496 771 2564 pandere
782 2499 885 2565 palmas

108 2567 176 2614 Ante
189 2564 268 2615 deum
281 2566 395 2629 delubra,
408 2582 456 2616 nec
468 2583 526 2616 aras
538 2565 665 2630 sanguine
677 2564 761 2615 multo
875 2571 885 2618 l

106 2632 232 2701 Spargere
244 2634 450 2700 quadrupedum,
463 2650 511 2684 nec
523 2633 589 2684 votis
602 2638 704 2683 nectere
717 2639 778 2685 vota
785 2652 793 2697 ;
