<?xml version="1.0" encoding="UTF-8"?>
<!DOCTYPE html PUBLIC "-//W3C//DTD XHTML 1.0 Transitional//EN"
    "http://www.w3.org/TR/xhtml1/DTD/xhtml1-transitional.dtd">
<html xmlns="http://www.w3.org/1999/xhtml" xml:lang="en" lang="en">
 <head>
  <title>
</title>
<meta http-equiv="Content-Type" content="text/html;charset=utf-8" />
  <meta name='ocr-system' content='tesseract 3.04.00' />
  <meta name='ocr-capabilities' content='ocr_page ocr_carea ocr_par ocr_line ocrx_word'/>
</head>
<body>
  <div class='ocr_page' id='page_1' title='image "./tlucretiicaride03carugoog_0193.png"; bbox 0 0 1928 2964; ppageno 0'>
   <div class='ocr_carea' id='block_1_1' title="bbox 72 132 594 189">
    <p class='ocr_par' dir='ltr' id='par_1_1' title="bbox 72 132 594 189">
     <span class='ocr_line' id='line_1_1' title="bbox 72 132 594 189; baseline -0.002 -1"><span class='ocrx_word' id='word_1_1' title='bbox 72 137 123 189; x_wconf 76' lang='lat' dir='ltr'>too</span> <span class='ocrx_word' id='word_1_2' title='bbox 380 132 410 187; x_wconf 70' lang='grc' dir='ltr'>Τ.</span> <span class='ocrx_word' id='word_1_3' title='bbox 427 133 594 187; x_wconf 69' lang='lat' dir='ltr'>Lucem</span> 
     </span>
    </p>
   </div>
   <div class='ocr_carea' id='block_1_2' title="bbox 41 234 908 2699">
    <p class='ocr_par' dir='ltr' id='par_1_2' title="bbox 70 234 906 1332">
     <span class='ocr_line' id='line_1_2' title="bbox 71 234 662 302; baseline 0 -14"><span class='ocrx_word' id='word_1_4' title='bbox 71 235 197 301; x_wconf 82' lang='lat' dir='ltr'>Succidit,</span> <span class='ocrx_word' id='word_1_5' title='bbox 209 239 237 288; x_wconf 88' lang='lat' dir='ltr'>et</span> <span class='ocrx_word' id='word_1_6' title='bbox 249 234 315 286; x_wconf 86' lang='lat' dir='ltr'>salso</span> <span class='ocrx_word' id='word_1_7' title='bbox 327 235 438 287; x_wconf 87' lang='lat' dir='ltr'>suffudit</span> <span class='ocrx_word' id='word_1_8' title='bbox 450 235 556 302; x_wconf 76' lang='lat' dir='ltr'>gurgite</span> <span class='ocrx_word' id='word_1_9' title='bbox 567 235 662 288; x_wconf 77' lang='lat' dir='ltr'>fossss:</span> 
     </span>
     <span class='ocr_line' id='line_1_3' title="bbox 72 304 753 373; baseline 0.001 -17"><span class='ocrx_word' id='word_1_10' title='bbox 72 305 156 373; x_wconf 82' lang='lat' dir='ltr'><strong>Inque</strong></span> <span class='ocrx_word' id='word_1_11' title='bbox 168 305 223 356; x_wconf 89' lang='lat' dir='ltr'>dies</span> <span class='ocrx_word' id='word_1_12' title='bbox 236 310 335 370; x_wconf 89' lang='lat' dir='ltr'>quanto</span> <span class='ocrx_word' id='word_1_13' title='bbox 347 304 446 356; x_wconf 86' lang='lat' dir='ltr'>circum</span> <span class='ocrx_word' id='word_1_14' title='bbox 458 305 542 371; x_wconf 82' lang='lat' dir='ltr'>magis</span> <span class='ocrx_word' id='word_1_15' title='bbox 553 304 659 357; x_wconf 85' lang='lat' dir='ltr'>aetheris</span> <span class='ocrx_word' id='word_1_16' title='bbox 671 308 753 357; x_wconf 83' lang='lat' dir='ltr'>aestus</span> 
     </span>
     <span class='ocr_line' id='line_1_4' title="bbox 71 372 637 441; baseline -0.004 -15"><span class='ocrx_word' id='word_1_17' title='bbox 71 372 108 426; x_wconf 85' lang='lat' dir='ltr'>Et</span> <span class='ocrx_word' id='word_1_18' title='bbox 119 373 187 426; x_wconf 85' lang='lat' dir='ltr'>radii</span> <span class='ocrx_word' id='word_1_19' title='bbox 199 372 259 424; x_wconf 86' lang='lat' dir='ltr'>solis</span> <span class='ocrx_word' id='word_1_20' title='bbox 271 372 399 439; x_wconf 75' lang='lat' dir='ltr'>cogebant</span> <span class='ocrx_word' id='word_1_21' title='bbox 410 373 528 441; x_wconf 87' lang='lat' dir='ltr'>undique</span> <span class='ocrx_word' id='word_1_22' title='bbox 539 379 637 424; x_wconf 88' lang='lat' dir='ltr'>terram</span> 
     </span>
     <span class='ocr_line' id='line_1_5' title="bbox 71 441 768 508; baseline 0 -15"><span class='ocrx_word' id='word_1_23' title='bbox 71 441 228 495; x_wconf 81' lang='lat' dir='ltr'>Verberibus</span> <span class='ocrx_word' id='word_1_24' title='bbox 241 441 343 507; x_wconf 81' lang='lat' dir='ltr'>crebris,</span> <span class='ocrx_word' id='word_1_25' title='bbox 356 447 475 494; x_wconf 83' lang='lat' dir='ltr'>extrema</span> <span class='ocrx_word' id='word_1_26' title='bbox 486 441 626 493; x_wconf 83' lang='lat' dir='ltr'>adlimina</span> <span class='ocrx_word' id='word_1_27' title='bbox 638 446 768 508; x_wconf 83' lang='lat' dir='ltr'>apertam,</span> 
     </span>
     <span class='ocr_line' id='line_1_6' title="bbox 73 509 720 577; baseline -0.003 -15"><span class='ocrx_word' id='word_1_28' title='bbox 73 511 105 562; x_wconf 93' lang='lat' dir='ltr'>In</span> <span class='ocrx_word' id='word_1_29' title='bbox 117 511 204 562; x_wconf 90' lang='lat' dir='ltr'>medio</span> <span class='ocrx_word' id='word_1_30' title='bbox 215 516 247 561; x_wconf 91' lang='lat' dir='ltr'>ut</span> <span class='ocrx_word' id='word_1_31' title='bbox 258 510 382 577; x_wconf 88' lang='lat' dir='ltr'>propulsa</span> <span class='ocrx_word' id='word_1_32' title='bbox 394 527 441 562; x_wconf 85' lang='lat' dir='ltr'>suo</span> <span class='ocrx_word' id='word_1_33' title='bbox 453 509 583 561; x_wconf 88' lang='lat' dir='ltr'>condensa</span> <span class='ocrx_word' id='word_1_34' title='bbox 595 510 690 562; x_wconf 84' lang='lat' dir='ltr'>coiret:</span> <span class='ocrx_word' id='word_1_35' title='bbox 719 521 720 524; x_wconf 77' lang='grc'>’</span> 
     </span>
     <span class='ocr_line' id='line_1_7' title="bbox 72 577 731 647; baseline -0.003 -16"><span class='ocrx_word' id='word_1_36' title='bbox 72 579 136 631; x_wconf 70' lang='lat' dir='ltr'>Tam</span> <span class='ocrx_word' id='word_1_37' title='bbox 148 579 232 645; x_wconf 87' lang='lat' dir='ltr'>magis</span> <span class='ocrx_word' id='word_1_38' title='bbox 244 595 380 647; x_wconf 83' lang='lat' dir='ltr'>expressus</span> <span class='ocrx_word' id='word_1_39' title='bbox 392 578 476 630; x_wconf 86' lang='lat' dir='ltr'>salsus</span> <span class='ocrx_word' id='word_1_40' title='bbox 488 578 520 630; x_wconf 91' lang='lat' dir='ltr'>de</span> <span class='ocrx_word' id='word_1_41' title='bbox 533 595 638 645; x_wconf 85' lang='lat' dir='ltr'>corpore</span> <span class='ocrx_word' id='word_1_42' title='bbox 651 577 731 629; x_wconf 88' lang='lat' dir='ltr'>sudor</span> 
     </span>
     <span class='ocr_line' id='line_1_8' title="bbox 71 647 738 715; baseline 0 -16"><span class='ocrx_word' id='word_1_43' title='bbox 71 647 194 715; x_wconf 77' lang='lat' dir='ltr'>Augebat</span> <span class='ocrx_word' id='word_1_44' title='bbox 205 664 276 698; x_wconf 86' lang='lat' dir='ltr'>mare</span> <span class='ocrx_word' id='word_1_45' title='bbox 288 647 419 699; x_wconf 90' lang='lat' dir='ltr'>manando</span> <span class='ocrx_word' id='word_1_46' title='bbox 432 663 588 715; x_wconf 87' lang='lat' dir='ltr'>camposque</span> <span class='ocrx_word' id='word_1_47' title='bbox 599 651 738 699; x_wconf 84' lang='lat' dir='ltr'>natantes:</span> 
     </span>
     <span class='ocr_line' id='line_1_9' title="bbox 71 715 906 783; baseline -0.001 -15"><span class='ocrx_word' id='word_1_48' title='bbox 71 715 107 768; x_wconf 85' lang='lat' dir='ltr'>Et</span> <span class='ocrx_word' id='word_1_49' title='bbox 119 716 289 783; x_wconf 85' lang='lat' dir='ltr'>tantomagis</span> <span class='ocrx_word' id='word_1_50' title='bbox 301 715 428 767; x_wconf 72' lang='lat' dir='ltr'>illeforas</span> <span class='ocrx_word' id='word_1_51' title='bbox 440 715 529 783; x_wconf 82' lang='lat' dir='ltr'>elapsa</span> <span class='ocrx_word' id='word_1_52' title='bbox 539 715 679 767; x_wconf 75' lang='lat' dir='ltr'>volabante</span> <span class='ocrx_word' id='word_1_53' title='bbox 857 715 906 767; x_wconf 72' lang='lat'>480</span> 
     </span>
     <span class='ocr_line' id='line_1_10' title="bbox 72 782 720 852; baseline -0.002 -16"><span class='ocrx_word' id='word_1_54' title='bbox 72 784 184 852; x_wconf 77' lang='lat' dir='ltr'>Corpora</span> <span class='ocrx_word' id='word_1_55' title='bbox 195 784 281 835; x_wconf 89' lang='lat' dir='ltr'>multa</span> <span class='ocrx_word' id='word_1_56' title='bbox 292 784 402 852; x_wconf 81' lang='lat' dir='ltr'>vaporis,</span> <span class='ocrx_word' id='word_1_57' title='bbox 414 789 442 836; x_wconf 86' lang='lat' dir='ltr'>et</span> <span class='ocrx_word' id='word_1_58' title='bbox 453 784 529 850; x_wconf 71' lang='lat' dir='ltr'>aeris,</span> <span class='ocrx_word' id='word_1_59' title='bbox 541 783 647 850; x_wconf 79' lang='lat' dir='ltr'>altaque</span> <span class='ocrx_word' id='word_1_60' title='bbox 658 782 720 837; x_wconf 86' lang='lat' dir='ltr'>coeli</span> 
     </span>
     <span class='ocr_line' id='line_1_11' title="bbox 70 851 709 920; baseline -0.002 -16"><span class='ocrx_word' id='word_1_61' title='bbox 70 851 224 904; x_wconf 86' lang='lat' dir='ltr'>Densabant</span> <span class='ocrx_word' id='word_1_62' title='bbox 236 853 326 920; x_wconf 88' lang='lat' dir='ltr'>procul</span> <span class='ocrx_word' id='word_1_63' title='bbox 338 870 354 904; x_wconf 90' lang='lat' dir='ltr'>a</span> <span class='ocrx_word' id='word_1_64' title='bbox 365 853 441 904; x_wconf 86' lang='lat' dir='ltr'>terris</span> <span class='ocrx_word' id='word_1_65' title='bbox 453 852 586 919; x_wconf 85' lang='lat' dir='ltr'>fulgentia</span> <span class='ocrx_word' id='word_1_66' title='bbox 597 851 709 919; x_wconf 85' lang='lat' dir='ltr'>templa:</span> 
     </span>
     <span class='ocr_line' id='line_1_12' title="bbox 70 920 683 989; baseline -0.003 -16"><span class='ocrx_word' id='word_1_67' title='bbox 70 920 197 974; x_wconf 80' lang='lat' dir='ltr'>sidebant</span> <span class='ocrx_word' id='word_1_68' title='bbox 209 921 303 989; x_wconf 89' lang='lat' dir='ltr'>campi,</span> <span class='ocrx_word' id='word_1_69' title='bbox 315 920 465 973; x_wconf 76' lang='lat' dir='ltr'>crescebant</span> <span class='ocrx_word' id='word_1_70' title='bbox 476 921 609 973; x_wconf 88' lang='lat' dir='ltr'>montibus</span> <span class='ocrx_word' id='word_1_71' title='bbox 620 920 683 972; x_wconf 77' lang='lat' dir='ltr'>eltis</span> 
     </span>
     <span class='ocr_line' id='line_1_13' title="bbox 70 989 760 1057; baseline -0.003 -15"><span class='ocrx_word' id='word_1_72' title='bbox 70 989 213 1042; x_wconf 76' lang='lat' dir='ltr'>Ascensus:</span> <span class='ocrx_word' id='word_1_73' title='bbox 231 1006 315 1057; x_wconf 90' lang='lat' dir='ltr'>neque</span> <span class='ocrx_word' id='word_1_74' title='bbox 327 989 397 1041; x_wconf 89' lang='lat' dir='ltr'>enim</span> <span class='ocrx_word' id='word_1_75' title='bbox 409 995 531 1057; x_wconf 86' lang='lat' dir='ltr'>poterant</span> <span class='ocrx_word' id='word_1_76' title='bbox 543 989 675 1041; x_wconf 88' lang='lat' dir='ltr'>subsidere</span> <span class='ocrx_word' id='word_1_77' title='bbox 687 1005 760 1055; x_wconf 70' lang='lat' dir='ltr'>sexa,</span> 
     </span>
     <span class='ocr_line' id='line_1_14' title="bbox 70 1056 794 1126; baseline 0.001 -15"><span class='ocrx_word' id='word_1_78' title='bbox 70 1058 126 1111; x_wconf 85' lang='lat' dir='ltr'>Nec</span> <span class='ocrx_word' id='word_1_79' title='bbox 139 1058 237 1126; x_wconf 89' lang='lat' dir='ltr'>pariter</span> <span class='ocrx_word' id='word_1_80' title='bbox 247 1058 404 1110; x_wconf 79' lang='lat' dir='ltr'>tantundem</span> <span class='ocrx_word' id='word_1_81' title='bbox 417 1075 505 1109; x_wconf 89' lang='lat' dir='ltr'>omnes</span> <span class='ocrx_word' id='word_1_82' title='bbox 517 1056 685 1111; x_wconf 81' lang='lat' dir='ltr'>succumbere</span> <span class='ocrx_word' id='word_1_83' title='bbox 696 1065 794 1126; x_wconf 79' lang='lat' dir='ltr'>partes</span> 
     </span>
     <span class='ocr_line' id='line_1_15' title="bbox 72 1127 661 1194; baseline -0.002 -15"><span class='ocrx_word' id='word_1_84' title='bbox 72 1127 115 1179; x_wconf 81' lang='lat' dir='ltr'>Sic</span> <span class='ocrx_word' id='word_1_85' title='bbox 127 1127 209 1194; x_wconf 82' lang='lat' dir='ltr'>igitur</span> <span class='ocrx_word' id='word_1_86' title='bbox 221 1133 297 1178; x_wconf 82' lang='lat' dir='ltr'>terne</span> <span class='ocrx_word' id='word_1_87' title='bbox 310 1132 429 1178; x_wconf 86' lang='lat' dir='ltr'>concreto</span> <span class='ocrx_word' id='word_1_88' title='bbox 441 1143 546 1194; x_wconf 89' lang='lat' dir='ltr'>corpore</span> <span class='ocrx_word' id='word_1_89' title='bbox 558 1127 661 1194; x_wconf 88' lang='lat' dir='ltr'>pondus</span> 
     </span>
     <span class='ocr_line' id='line_1_16' title="bbox 72 1194 807 1263; baseline 0 -15"><span class='ocrx_word' id='word_1_90' title='bbox 72 1195 203 1261; x_wconf 77' lang='lat' dir='ltr'>Constitit,</span> <span class='ocrx_word' id='word_1_91' title='bbox 213 1202 292 1263; x_wconf 90' lang='lat' dir='ltr'>atque</span> <span class='ocrx_word' id='word_1_92' title='bbox 305 1195 388 1247; x_wconf 88' lang='lat' dir='ltr'>omnis</span> <span class='ocrx_word' id='word_1_93' title='bbox 399 1195 492 1246; x_wconf 90' lang='lat' dir='ltr'>mundi</span> <span class='ocrx_word' id='word_1_94' title='bbox 504 1196 578 1262; x_wconf 83' lang='lat' dir='ltr'>quasi</span> <span class='ocrx_word' id='word_1_95' title='bbox 591 1195 669 1247; x_wconf 88' lang='lat' dir='ltr'>limus</span> <span class='ocrx_word' id='word_1_96' title='bbox 680 1194 711 1247; x_wconf 90' lang='lat' dir='ltr'>in</span> <span class='ocrx_word' id='word_1_97' title='bbox 722 1194 807 1248; x_wconf 90' lang='lat' dir='ltr'>imum</span> 
     </span>
     <span class='ocr_line' id='line_1_17' title="bbox 71 1262 734 1332; baseline -0.002 -15"><span class='ocrx_word' id='word_1_98' title='bbox 71 1263 205 1317; x_wconf 83' lang='lat' dir='ltr'>Oonfluxit</span> <span class='ocrx_word' id='word_1_99' title='bbox 216 1265 310 1332; x_wconf 81' lang='lat' dir='ltr'>gravis,</span> <span class='ocrx_word' id='word_1_100' title='bbox 322 1270 350 1316; x_wconf 91' lang='lat' dir='ltr'>et</span> <span class='ocrx_word' id='word_1_101' title='bbox 362 1262 479 1316; x_wconf 88' lang='lat' dir='ltr'>subsedit</span> <span class='ocrx_word' id='word_1_102' title='bbox 490 1264 618 1330; x_wconf 85' lang='lat' dir='ltr'>funditus,</span> <span class='ocrx_word' id='word_1_103' title='bbox 630 1269 663 1315; x_wconf 92' lang='lat' dir='ltr'>ut</span> <span class='ocrx_word' id='word_1_104' title='bbox 674 1264 734 1316; x_wconf 67' lang='lat' dir='ltr'>seez</span> 
     </span>
    </p>

    <p class='ocr_par' dir='ltr' id='par_1_3' title="bbox 41 1331 908 2086">
     <span class='ocr_line' id='line_1_18' title="bbox 107 1331 746 1400; baseline -0.002 -16"><span class='ocrx_word' id='word_1_105' title='bbox 107 1333 172 1385; x_wconf 90' lang='lat' dir='ltr'>Inde</span> <span class='ocrx_word' id='word_1_106' title='bbox 184 1350 263 1398; x_wconf 83' lang='lat' dir='ltr'>mere,</span> <span class='ocrx_word' id='word_1_107' title='bbox 274 1333 336 1384; x_wconf 88' lang='lat' dir='ltr'>inde</span> <span class='ocrx_word' id='word_1_108' title='bbox 348 1335 401 1398; x_wconf 73' lang='lat' dir='ltr'>aer,</span> <span class='ocrx_word' id='word_1_109' title='bbox 412 1333 475 1385; x_wconf 90' lang='lat' dir='ltr'>inde</span> <span class='ocrx_word' id='word_1_110' title='bbox 487 1333 569 1384; x_wconf 86' lang='lat' dir='ltr'>sethcr</span> <span class='ocrx_word' id='word_1_111' title='bbox 580 1331 677 1399; x_wconf 72' lang='lat' dir='ltr'>ignifer</span> <span class='ocrx_word' id='word_1_112' title='bbox 688 1332 746 1400; x_wconf 84' lang='lat' dir='ltr'>ipse</span> 
     </span>
     <span class='ocr_line' id='line_1_19' title="bbox 71 1401 908 1470; baseline 0.002 -17"><span class='ocrx_word' id='word_1_113' title='bbox 71 1401 226 1470; x_wconf 76' lang='lat' dir='ltr'>Corporibus</span> <span class='ocrx_word' id='word_1_114' title='bbox 238 1401 346 1469; x_wconf 89' lang='lat' dir='ltr'>liquidis</span> <span class='ocrx_word' id='word_1_115' title='bbox 358 1407 420 1453; x_wconf 89' lang='lat' dir='ltr'>sunt</span> <span class='ocrx_word' id='word_1_116' title='bbox 432 1401 520 1454; x_wconf 88' lang='lat' dir='ltr'>omnia</span> <span class='ocrx_word' id='word_1_117' title='bbox 531 1401 718 1468; x_wconf 62' lang='lat' dir='ltr'>purarslicm</span> <span class='ocrx_word' id='word_1_118' title='bbox 858 1403 908 1455; x_wconf 83' lang='lat' dir='ltr'>too</span> 
     </span>
     <span class='ocr_line' id='line_1_20' title="bbox 71 1469 699 1538; baseline 0.002 -16"><span class='ocrx_word' id='word_1_119' title='bbox 71 1470 107 1522; x_wconf 84' lang='lat' dir='ltr'>Et</span> <span class='ocrx_word' id='word_1_120' title='bbox 118 1471 216 1522; x_wconf 82' lang='lat' dir='ltr'>leviora</span> <span class='ocrx_word' id='word_1_121' title='bbox 228 1471 286 1522; x_wconf 88' lang='lat' dir='ltr'>aliis</span> <span class='ocrx_word' id='word_1_122' title='bbox 299 1471 352 1522; x_wconf 88' lang='lat' dir='ltr'>alia</span> <span class='ocrx_word' id='word_1_123' title='bbox 363 1476 390 1522; x_wconf 91' lang='lat' dir='ltr'>et</span> <span class='ocrx_word' id='word_1_124' title='bbox 401 1469 590 1538; x_wconf 86' lang='lat' dir='ltr'>liquidissimus</span> <span class='ocrx_word' id='word_1_125' title='bbox 602 1469 699 1533; x_wconf 78' lang='lat' dir='ltr'>rether3</span> 
     </span>
     <span class='ocr_line' id='line_1_21' title="bbox 70 1537 705 1606; baseline 0.002 -16"><span class='ocrx_word' id='word_1_126' title='bbox 70 1538 158 1606; x_wconf 81' lang='lat' dir='ltr'>Atque</span> <span class='ocrx_word' id='word_1_127' title='bbox 171 1539 317 1591; x_wconf 87' lang='lat' dir='ltr'>levissimus</span> <span class='ocrx_word' id='word_1_128' title='bbox 328 1539 413 1591; x_wconf 70' lang='lat' dir='ltr'>adrias</span> <span class='ocrx_word' id='word_1_129' title='bbox 425 1555 502 1606; x_wconf 87' lang='lat' dir='ltr'>super</span> <span class='ocrx_word' id='word_1_130' title='bbox 513 1537 602 1590; x_wconf 89' lang='lat' dir='ltr'>influit</span> <span class='ocrx_word' id='word_1_131' title='bbox 612 1555 705 1601; x_wconf 78' lang='lat' dir='ltr'>auras3</span> 
     </span>
     <span class='ocr_line' id='line_1_22' title="bbox 71 1606 726 1676; baseline 0.003 -18"><span class='ocrx_word' id='word_1_132' title='bbox 71 1607 126 1659; x_wconf 85' lang='lat' dir='ltr'>Nec</span> <span class='ocrx_word' id='word_1_133' title='bbox 138 1607 269 1673; x_wconf 89' lang='lat' dir='ltr'>liquidum</span> <span class='ocrx_word' id='word_1_134' title='bbox 281 1623 375 1676; x_wconf 88' lang='lat' dir='ltr'>corpus</span> <span class='ocrx_word' id='word_1_135' title='bbox 387 1606 555 1659; x_wconf 81' lang='lat' dir='ltr'>turbantibus</span> <span class='ocrx_word' id='word_1_136' title='bbox 567 1607 635 1661; x_wconf 70' lang='lat' dir='ltr'>aeris</span> <span class='ocrx_word' id='word_1_137' title='bbox 646 1623 726 1660; x_wconf 83' lang='lat' dir='ltr'>auras</span> 
     </span>
     <span class='ocr_line' id='line_1_23' title="bbox 71 1674 683 1728; baseline 0.003 -3"><span class='ocrx_word' id='word_1_138' title='bbox 71 1674 220 1726; x_wconf 76' lang='lat' dir='ltr'>Commisci:</span> <span class='ocrx_word' id='word_1_139' title='bbox 239 1675 303 1726; x_wconf 88' lang='lat' dir='ltr'>sinit</span> <span class='ocrx_word' id='word_1_140' title='bbox 314 1676 370 1727; x_wconf 87' lang='lat' dir='ltr'>haec</span> <span class='ocrx_word' id='word_1_141' title='bbox 382 1675 503 1728; x_wconf 83' lang='lat' dir='ltr'>violentis</span> <span class='ocrx_word' id='word_1_142' title='bbox 515 1676 603 1727; x_wconf 90' lang='lat' dir='ltr'>omnia</span> <span class='ocrx_word' id='word_1_143' title='bbox 614 1675 683 1727; x_wconf 82' lang='lat' dir='ltr'>verti</span> 
     </span>
     <span class='ocr_line' id='line_1_24' title="bbox 71 1743 705 1811; baseline 0 -16"><span class='ocrx_word' id='word_1_144' title='bbox 71 1743 242 1795; x_wconf 73' lang='lat' dir='ltr'>Turbinibus:</span> <span class='ocrx_word' id='word_1_145' title='bbox 261 1744 324 1796; x_wconf 88' lang='lat' dir='ltr'>sinit</span> <span class='ocrx_word' id='word_1_146' title='bbox 336 1745 442 1796; x_wconf 87' lang='lat' dir='ltr'>incertis</span> <span class='ocrx_word' id='word_1_147' title='bbox 454 1743 560 1795; x_wconf 86' lang='lat' dir='ltr'>turbare</span> <span class='ocrx_word' id='word_1_148' title='bbox 572 1743 705 1811; x_wconf 88' lang='lat' dir='ltr'>procellis:</span> 
     </span>
     <span class='ocr_line' id='line_1_25' title="bbox 72 1812 648 1880; baseline 0.002 -17"><span class='ocrx_word' id='word_1_149' title='bbox 72 1812 85 1863; x_wconf 98' lang='lat' dir='ltr'>I</span> <span class='ocrx_word' id='word_1_150' title='bbox 105 1829 131 1864; x_wconf 90' lang='lat' dir='ltr'>se</span> <span class='ocrx_word' id='word_1_151' title='bbox 144 1829 201 1863; x_wconf 87' lang='lat' dir='ltr'>suos</span> <span class='ocrx_word' id='word_1_152' title='bbox 213 1813 287 1879; x_wconf 85' lang='lat' dir='ltr'>ignes</span> <span class='ocrx_word' id='word_1_153' title='bbox 299 1819 369 1865; x_wconf 86' lang='lat' dir='ltr'>certo</span> <span class='ocrx_word' id='word_1_154' title='bbox 381 1813 433 1865; x_wconf 84' lang='lat' dir='ltr'>fert</span> <span class='ocrx_word' id='word_1_155' title='bbox 444 1812 541 1880; x_wconf 90' lang='lat' dir='ltr'>impete</span> <span class='ocrx_word' id='word_1_156' title='bbox 550 1813 648 1864; x_wconf 89' lang='lat' dir='ltr'>labens.</span> 
     </span>
     <span class='ocr_line' id='line_1_26' title="bbox 70 1830 776 1949; baseline 0.003 -17"><span class='ocrx_word' id='word_1_157' title='bbox 70 1830 140 1933; x_wconf 63' lang='lat' dir='ltr'>llam</span> <span class='ocrx_word' id='word_1_158' title='bbox 151 1882 251 1933; x_wconf 90' lang='lat' dir='ltr'>modice</span> <span class='ocrx_word' id='word_1_159' title='bbox 262 1881 343 1933; x_wconf 88' lang='lat' dir='ltr'>fluere</span> <span class='ocrx_word' id='word_1_160' title='bbox 355 1888 434 1949; x_wconf 90' lang='lat' dir='ltr'>atque</span> <span class='ocrx_word' id='word_1_161' title='bbox 446 1899 499 1933; x_wconf 92' lang='lat' dir='ltr'>uno</span> <span class='ocrx_word' id='word_1_162' title='bbox 511 1898 584 1949; x_wconf 89' lang='lat' dir='ltr'>posse</span> <span class='ocrx_word' id='word_1_163' title='bbox 597 1881 695 1933; x_wconf 84' lang='lat' dir='ltr'>aethera</span> <span class='ocrx_word' id='word_1_164' title='bbox 706 1881 776 1949; x_wconf 89' lang='lat' dir='ltr'>nisu,</span> 
     </span>
     <span class='ocr_line' id='line_1_27' title="bbox 71 1949 709 2019; baseline 0 -17"><span class='ocrx_word' id='word_1_165' title='bbox 71 1950 208 2017; x_wconf 85' lang='lat' dir='ltr'>Significat</span> <span class='ocrx_word' id='word_1_166' title='bbox 220 1951 296 2019; x_wconf 88' lang='lat' dir='ltr'>ponti</span> <span class='ocrx_word' id='word_1_167' title='bbox 307 1968 386 2017; x_wconf 89' lang='lat' dir='ltr'>mare,</span> <span class='ocrx_word' id='word_1_168' title='bbox 399 1956 469 2002; x_wconf 81' lang='lat' dir='ltr'>certo</span> <span class='ocrx_word' id='word_1_169' title='bbox 482 1950 551 2017; x_wconf 92' lang='lat' dir='ltr'>quod</span> <span class='ocrx_word' id='word_1_170' title='bbox 562 1949 622 2001; x_wconf 89' lang='lat' dir='ltr'>fluit</span> <span class='ocrx_word' id='word_1_171' title='bbox 635 1956 709 2017; x_wconf 70' lang='lat' dir='ltr'>astu,</span> 
     </span>
     <span class='ocr_line' id='line_1_28' title="bbox 41 2019 675 2086; baseline -0.003 -14"><span class='ocrx_word' id='word_1_172' title='bbox 41 2069 43 2073; x_wconf 81' lang='grc'>,</span> <span class='ocrx_word' id='word_1_173' title='bbox 72 2019 162 2071; x_wconf 91' lang='lat' dir='ltr'>Unum</span> <span class='ocrx_word' id='word_1_174' title='bbox 174 2019 279 2070; x_wconf 88' lang='lat' dir='ltr'>labendi</span> <span class='ocrx_word' id='word_1_175' title='bbox 292 2037 446 2072; x_wconf 80' lang='lat' dir='ltr'>conservans</span> <span class='ocrx_word' id='word_1_176' title='bbox 458 2036 539 2086; x_wconf 88' lang='lat' dir='ltr'>usque</span> <span class='ocrx_word' id='word_1_177' title='bbox 552 2024 675 2070; x_wconf 86' lang='lat' dir='ltr'>tenorem.</span> 
     </span>
    </p>

    <p class='ocr_par' dir='ltr' id='par_1_4' title="bbox 71 2087 908 2699">
     <span class='ocr_line' id='line_1_29' title="bbox 107 2087 908 2153; baseline 0.004 -14"><span class='ocrx_word' id='word_1_178' title='bbox 107 2088 225 2139; x_wconf 90' lang='lat' dir='ltr'>Motibus</span> <span class='ocrx_word' id='word_1_179' title='bbox 237 2094 366 2140; x_wconf 87' lang='lat' dir='ltr'>astrorum</span> <span class='ocrx_word' id='word_1_180' title='bbox 378 2104 449 2139; x_wconf 88' lang='lat' dir='ltr'>nunc</span> <span class='ocrx_word' id='word_1_181' title='bbox 462 2104 520 2153; x_wconf 87' lang='lat' dir='ltr'>quae</span> <span class='ocrx_word' id='word_1_182' title='bbox 532 2087 567 2138; x_wconf 86' lang='lat' dir='ltr'>sit</span> <span class='ocrx_word' id='word_1_183' title='bbox 579 2104 665 2153; x_wconf 85' lang='lat' dir='ltr'>causa,</span> <span class='ocrx_word' id='word_1_184' title='bbox 677 2103 811 2142; x_wconf 70' lang='lat' dir='ltr'>mamus</span> <span class='ocrx_word' id='word_1_185' title='bbox 859 2091 908 2142; x_wconf 82' lang='lat' dir='ltr'>slo</span> 
     </span>
     <span class='ocr_line' id='line_1_30' title="bbox 72 2156 653 2224; baseline -0.003 -16"><span class='ocrx_word' id='word_1_186' title='bbox 72 2156 212 2224; x_wconf 89' lang='lat' dir='ltr'>Principio,</span> <span class='ocrx_word' id='word_1_187' title='bbox 223 2174 336 2223; x_wconf 84' lang='lat' dir='ltr'>magnus</span> <span class='ocrx_word' id='word_1_188' title='bbox 348 2156 406 2207; x_wconf 90' lang='lat' dir='ltr'>coeli</span> <span class='ocrx_word' id='word_1_189' title='bbox 419 2156 440 2207; x_wconf 92' lang='lat' dir='ltr'>si</span> <span class='ocrx_word' id='word_1_190' title='bbox 453 2156 565 2207; x_wconf 88' lang='lat' dir='ltr'>vertitur</span> <span class='ocrx_word' id='word_1_191' title='bbox 577 2156 653 2221; x_wconf 86' lang='lat' dir='ltr'>orbis,</span> 
     </span>
     <span class='ocr_line' id='line_1_31' title="bbox 72 2223 726 2293; baseline -0.002 -16"><span class='ocrx_word' id='word_1_192' title='bbox 72 2225 114 2277; x_wconf 84' lang='lat' dir='ltr'>Ex</span> <span class='ocrx_word' id='word_1_193' title='bbox 127 2232 240 2293; x_wconf 88' lang='lat' dir='ltr'>utraque</span> <span class='ocrx_word' id='word_1_194' title='bbox 252 2225 342 2293; x_wconf 89' lang='lat' dir='ltr'>polum</span> <span class='ocrx_word' id='word_1_195' title='bbox 354 2230 429 2293; x_wconf 89' lang='lat' dir='ltr'>parte</span> <span class='ocrx_word' id='word_1_196' title='bbox 442 2241 557 2290; x_wconf 84' lang='lat' dir='ltr'>premere</span> <span class='ocrx_word' id='word_1_197' title='bbox 570 2226 638 2288; x_wconf 71' lang='lat' dir='ltr'>aera,</span> <span class='ocrx_word' id='word_1_198' title='bbox 651 2223 726 2276; x_wconf 89' lang='lat' dir='ltr'>nobis</span> 
     </span>
     <span class='ocr_line' id='line_1_32' title="bbox 72 2293 864 2363; baseline 0.004 -18"><span class='ocrx_word' id='word_1_199' title='bbox 72 2294 220 2346; x_wconf 89' lang='lat' dir='ltr'>Dicendum</span> <span class='ocrx_word' id='word_1_200' title='bbox 232 2301 278 2361; x_wconf 87' lang='lat' dir='ltr'>est,</span> <span class='ocrx_word' id='word_1_201' title='bbox 291 2300 418 2361; x_wconf 83' lang='lat' dir='ltr'>extraque</span> <span class='ocrx_word' id='word_1_202' title='bbox 430 2298 526 2359; x_wconf 81' lang='lat' dir='ltr'>tenere,</span> <span class='ocrx_word' id='word_1_203' title='bbox 539 2299 566 2345; x_wconf 89' lang='lat' dir='ltr'>et</span> <span class='ocrx_word' id='word_1_204' title='bbox 578 2293 699 2345; x_wconf 87' lang='lat' dir='ltr'>claudere</span> <span class='ocrx_word' id='word_1_205' title='bbox 711 2293 864 2363; x_wconf 84' lang='lat' dir='ltr'>utrimque;</span> 
     </span>
     <span class='ocr_line' id='line_1_33' title="bbox 72 2361 792 2432; baseline 0.001 -19"><span class='ocrx_word' id='word_1_206' title='bbox 72 2362 138 2414; x_wconf 89' lang='lat' dir='ltr'>Inde</span> <span class='ocrx_word' id='word_1_207' title='bbox 151 2364 233 2414; x_wconf 92' lang='lat' dir='ltr'>alium</span> <span class='ocrx_word' id='word_1_208' title='bbox 246 2363 438 2432; x_wconf 65' lang='lat' dir='ltr'>superadum,</span> <span class='ocrx_word' id='word_1_209' title='bbox 451 2367 531 2428; x_wconf 88' lang='lat' dir='ltr'>atque</span> <span class='ocrx_word' id='word_1_210' title='bbox 542 2361 679 2413; x_wconf 88' lang='lat' dir='ltr'>intendere</span> <span class='ocrx_word' id='word_1_211' title='bbox 691 2361 792 2430; x_wconf 78' lang='lat' dir='ltr'>eodem,</span> 
     </span>
     <span class='ocr_line' id='line_1_34' title="bbox 73 2429 704 2492; baseline -0.002 -11"><span class='ocrx_word' id='word_1_212' title='bbox 73 2429 132 2490; x_wconf 85' lang='lat' dir='ltr'>Quo</span> <span class='ocrx_word' id='word_1_213' title='bbox 144 2431 272 2485; x_wconf 86' lang='lat' dir='ltr'>volvenda</span> <span class='ocrx_word' id='word_1_214' title='bbox 284 2433 383 2484; x_wconf 86' lang='lat' dir='ltr'>micant</span> <span class='ocrx_word' id='word_1_215' title='bbox 395 2430 486 2482; x_wconf 83' lang='lat' dir='ltr'>seterni</span> <span class='ocrx_word' id='word_1_216' title='bbox 499 2431 584 2481; x_wconf 88' lang='lat' dir='ltr'>sidera</span> <span class='ocrx_word' id='word_1_217' title='bbox 595 2429 704 2492; x_wconf 90' lang='lat' dir='ltr'>mundi;</span> 
     </span>
     <span class='ocr_line' id='line_1_35' title="bbox 71 2497 741 2566; baseline 0 -18"><span class='ocrx_word' id='word_1_218' title='bbox 71 2498 121 2549; x_wconf 87' lang='lat' dir='ltr'>Ast</span> <span class='ocrx_word' id='word_1_219' title='bbox 133 2499 215 2550; x_wconf 88' lang='lat' dir='ltr'>alium</span> <span class='ocrx_word' id='word_1_220' title='bbox 228 2501 324 2566; x_wconf 87' lang='lat' dir='ltr'>subter,</span> <span class='ocrx_word' id='word_1_221' title='bbox 336 2506 427 2552; x_wconf 88' lang='lat' dir='ltr'>contra</span> <span class='ocrx_word' id='word_1_222' title='bbox 439 2499 484 2565; x_wconf 91' lang='lat' dir='ltr'>qui</span> <span class='ocrx_word' id='word_1_223' title='bbox 497 2498 626 2549; x_wconf 88' lang='lat' dir='ltr'>subvehat</span> <span class='ocrx_word' id='word_1_224' title='bbox 638 2497 726 2549; x_wconf 86' lang='lat' dir='ltr'>orbem</span> <span class='ocrx_word' id='word_1_225' title='bbox 733 2516 741 2562; x_wconf 90' lang='lat'>;</span> 
     </span>
     <span class='ocr_line' id='line_1_36' title="bbox 72 2565 857 2699; baseline 0.004 -82"><span class='ocrx_word' id='word_1_226' title='bbox 72 2565 110 2617; x_wconf 92' lang='lat' dir='ltr'>Ut</span> <span class='ocrx_word' id='word_1_227' title='bbox 121 2567 213 2618; x_wconf 82' lang='lat' dir='ltr'>fluvios</span> <span class='ocrx_word' id='word_1_228' title='bbox 223 2586 325 2622; x_wconf 82' lang='lat' dir='ltr'>versare</span> <span class='ocrx_word' id='word_1_229' title='bbox 336 2575 407 2622; x_wconf 87' lang='lat' dir='ltr'>rotas</span> <span class='ocrx_word' id='word_1_230' title='bbox 419 2573 499 2632; x_wconf 88' lang='lat' dir='ltr'>atque</span> <span class='ocrx_word' id='word_1_231' title='bbox 512 2567 621 2618; x_wconf 86' lang='lat' dir='ltr'>haustra</span> <span class='ocrx_word' id='word_1_232' title='bbox 633 2566 760 2620; x_wconf 81' lang='lat' dir='ltr'>videmus.</span> <span class='ocrx_word' id='word_1_233' title='bbox 781 2590 857 2699; x_wconf 59' lang='lat' dir='ltr'><em>s</em></span> 
     </span>
    </p>
   </div>
   <div class='ocr_carea' id='block_1_3' title="bbox 392 2655 586 2702">
    <p class='ocr_par' dir='ltr' id='par_1_5' title="bbox 392 2655 586 2702">
     <span class='ocr_line' id='line_1_37' title="bbox 392 2655 586 2702; baseline -0.01 -6"><span class='ocrx_word' id='word_1_234' title='bbox 392 2655 525 2702; x_wconf 57' lang='lat' dir='ltr'>evulsurum</span> <span class='ocrx_word' id='word_1_235' title='bbox 540 2655 586 2694; x_wconf 75' lang='lat' dir='ltr'>Me.</span> 
     </span>
    </p>
   </div>
   <div class='ocr_carea' id='block_1_4' title="bbox 0 0 968 2964">
    <p class='ocr_par' dir='ltr' id='par_1_6' title="bbox 0 0 968 2964">
     <span class='ocr_line' id='line_1_38' title="bbox 0 0 968 2964; baseline 0 0"><span class='ocrx_word' id='word_1_236' title='bbox 0 0 968 2964; x_wconf 95' lang='lat' dir='ltr'> </span> 
     </span>
    </p>
   </div>
  </div>
 </body>
</html>
