1928 2964
345 155 454 209 LIBER
471 153 560 220 QUIN
561 154 632 210 TUS.
858 155 907 208 169

70 259 148 311 Terra
161 257 235 310 dedit
246 257 344 309 circum
357 256 449 319 colles;
468 273 622 324 camposque
634 273 681 324 per
692 272 781 308 omnes

69 326 178 379 Florida
188 326 320 378 fulserunt
331 325 457 377 viridanti
469 331 545 393 prata
557 325 653 376 colore:

69 395 264 462 Arboribusque
276 393 369 446 datum
382 400 421 445 est
433 393 512 446 variis
524 392 620 444 exinde
650 410 678 445 er
689 409 766 445 auras

70 463 208 516 Crescendi
219 479 345 530 magnum
357 462 479 514 immissis
491 468 623 513 certamen
631 410 750 514 laberis.

70 532 107 584 Ut
119 532 211 600 pluma
223 535 301 599 atque
313 531 362 599 pili
374 531 488 598 primum
501 536 613 598 setaque
625 537 747 582 creantur

71 600 276 668 Quadrupedum
287 599 410 650 membris
422 605 449 652 et
461 615 566 666 corpore
577 599 812 666 pennipotentum

70 668 114 720 Sic
126 686 194 720 nova
206 675 264 719 tum
276 667 353 720 tellus
365 667 459 719 herbar
472 667 638 734 virgultaque
650 668 764 748 primum

70 737 199 789 Sustulit:
217 737 279 788 inde
290 736 341 787 loci
352 736 474 788 mortalia
487 736 562 787 saecla
574 742 673 788 creavlt

69 805 159 857 Multa
170 805 253 856 modis
264 805 363 872 multis,
376 805 448 859 varia
460 805 561 856 ratione
573 810 667 856 coorta.
855 807 904 859 790

69 875 140 926 Nam
151 873 279 941 nequede
292 873 355 925 coelo
368 873 490 925 cecidisse
502 873 629 924 animalia
641 880 757 941 possunt,

69 943 96 994 N
97 959 127 994 ec
139 943 272 994 terrestria
284 943 316 993 de
329 941 403 993 salsis
416 943 499 1005 exisse
510 941 618 994 lacunis.

70 1009 219 1078 Linquitur,
232 1018 262 1063 ut
274 1011 367 1063 merito
379 1017 527 1062 maternum
539 1027 634 1061 nomen
645 1009 742 1078 adepta

70 1079 150 1132 Terra
162 1080 226 1146 site
238 1084 308 1132 terra
321 1078 444 1145 quoniam
457 1083 518 1131 sunt
531 1085 626 1130 cuncta
638 1087 732 1131 creata.

69 1147 209 1215 Multaque
221 1165 292 1200 nunc
304 1147 384 1200 etiam
396 1148 529 1200 exsistunt
540 1147 665 1199 animalia
677 1147 760 1215 terris,

70 1216 202 1271 Imbribus
214 1223 241 1268 et
253 1217 336 1268 calido
349 1217 409 1268 solis
422 1222 542 1268 concreta
554 1232 656 1283 vapore.

69 1285 128 1348 Quo
140 1286 227 1337 minus
239 1291 279 1337 est
290 1285 394 1351 mirum,
407 1285 429 1337 si
441 1292 499 1337 tum
511 1290 572 1336 sunt
585 1285 662 1352 plura
674 1290 762 1338 coorta

70 1354 107 1406 Et
118 1356 226 1421 majora,
238 1371 307 1406 nova
318 1354 412 1405 tellure
424 1361 503 1422 atquo
516 1354 612 1405 aethere
624 1353 723 1405 adulto.

104 1423 245 1490 Principio,
257 1439 339 1490 genus
351 1421 472 1488 alituum,
484 1423 616 1490 variaeque
629 1422 745 1474 volucres

71 1491 127 1545 Ora
138 1491 320 1560 relinquebant
332 1491 443 1543 exclusae
455 1497 571 1560 tempore
583 1508 675 1543 verno:
854 1492 903 1544 800

70 1559 211 1612 Folliculos
223 1565 255 1612 ut
266 1576 337 1612 nunc
349 1566 444 1612 teretes
457 1566 548 1612 aestate
561 1561 657 1612 cicadre

69 1628 206 1697 Linquunt
218 1634 310 1696 sponte
322 1645 377 1694 sua,
389 1629 490 1681 rictum
501 1630 635 1696 vitamque
647 1633 773 1697 petentes.

69 1696 138 1748 Tum
150 1696 200 1748 tibi
212 1703 282 1748 terra
293 1697 367 1748 dedit
377 1697 493 1765 primum
505 1698 626 1750 mortalia
638 1698 730 1750 saecla:

70 1763 175 1817 Multus
187 1765 257 1817 enim
270 1765 340 1817 <calor
351 1771 430 1833 atquc
442 1767 536 1818 humor
548 1766 687 1834 superabat
699 1766 727 1817 in
739 1766 815 1820 arvis.

70 1833 135 1900 Hoc,
147 1833 193 1884 ubi
206 1850 314 1901 quaeque
326 1834 376 1885 loci
387 1835 458 1902 regio
471 1852 485 1887 o
504 1841 616 1903 portuua
628 1834 748 1902 dabatur,

71 1901 226 1954 crescebant
237 1903 307 1954 uteri
318 1907 394 1954 terrae
405 1853 535 1955 radicibus
548 1903 618 1971 apti:

70 1971 139 2035 Quos
151 1970 198 2023 ubi
210 1977 325 2039 tempore
336 1978 440 2023 maturo
451 1972 611 2040 patefecerat
623 1977 686 2024 atas

70 2039 215 2105 Insertum,
227 2039 331 2106 fugiens
343 2039 486 2107 humorem,
499 2057 627 2108 aurasque
638 2041 772 2108 petissens,

70 2107 243 2160 convertebat
255 2107 292 2159 ibi
304 2114 399 2160 natura
411 2108 635 2177 foraminatum,

69 2176 105 2227 Et
117 2174 224 2228 succum
236 2176 309 2228 renis
321 2175 431 2242 cogebat
442 2177 553 2229 fundere
565 2178 662 2246 apertis
854 2178 904 2229 810

70 2245 238 2296 Consimilem
250 2244 339 2297 lactis:
359 2245 428 2296 sicut
442 2263 513 2298 nune
525 2247 624 2299 femina
637 2263 754 2315 quaeque,

71 2313 160 2377 Quum
171 2313 280 2394 peperit,
293 2313 365 2364 dulci
376 2313 493 2380 repletur
504 2314 580 2378 lacte,
593 2315 662 2383 quod
675 2315 758 2367 omnis

70 2381 189 2449 Impetus
200 2398 229 2432 rn
240 2397 368 2433 mammas
379 2383 542 2435 convertitur
553 2383 598 2434 ille
610 2383 736 2436 alimenti

69 2450 148 2502 'Ierra
160 2450 248 2502 cibum
260 2449 354 2517 pueris,
367 2457 466 2502 restem
478 2468 565 2519 vapor,
577 2450 658 2504 herba
669 2450 755 2504 cubile

69 2517 213 2584 Praebebat,
225 2518 311 2571 multa
322 2525 349 2570 et
361 2519 434 2570 molli
446 2519 571 2586 lanugine
584 2519 727 2574 abundans.

103 2588 140 2639 At
152 2587 256 2638 novitas
267 2587 420 2638 mundi-nec
430 2587 528 2654 frigora
540 2588 607 2639 dura
618 2588 711 2656 ciebat,

68 2655 124 2709 Noc
136 2655 231 2708 nlmios
243 2661 329 2722 astus,
340 2671 389 2707 nec
401 2655 504 2724 magnis
516 2656 615 2710 viribus
627 2674 710 2712 auras.
