1928 2964
341 135 449 189 nunu
467 114 641 196 curenno.
860 137 908 185 121

65 246 107 299 Ab
119 245 215 314 dubiis,
228 244 331 298 animus
345 261 409 312 ques
421 245 455 298 ab
467 263 494 297 se
506 245 625 314 protinus
637 245 719 297 obdit.

99 316 230 383 Denique,
242 315 281 366 nil
294 315 354 367 sciri
366 315 459 382 siquis
471 320 556 383 putet,
569 315 597 366 id
609 331 712 382 quoque
724 313 815 381 nescit,
858 315 910 367 470

65 385 109 436 An
121 385 184 436 sciri
196 384 285 451 possit,
298 384 345 451 qui
357 401 384 435 se
395 384 435 434 nil
448 384 515 436 scire'
524 384 638 435 fecetur:

29 514 31 518 Ι
65 453 147 506 Hunc
158 453 243 521 igitur
255 458 346 505 contre
356 453 463 504 mittem
475 452 631 504 contendere
643 469 755 520 causam,

66 523 118 586 Qui
131 523 219 591 capite
230 522 287 589 ipse
300 539 345 573 suo
357 522 386 572 in
398 522 494 572 statuit
505 521 618 588 vestigia
628 538 689 574 sese.

64 591 100 644 Et
112 598 204 644 tamen
215 591 264 642 hoc
276 607 380 659 quoque
391 591 433 641 uti
449 590 597 655 concedam,
611 591 689 654 scire;
707 597 736 643 et
747 591 776 642 id
787 591 875 660 ipsum

65 660 196 726 Quaerem,
209 676 290 727 quum
302 661 331 711 in
342 659 420 711 rebus
432 659 486 711 veri
500 659 540 709 nil
547 659 647 726 ,viderit
660 665 730 726 ente,

64 729 143 782 Unde
155 730 229 796 sciet,
241 729 304 796 quid
318 729 353 780 sit
366 729 439 795 scire,
453 733 481 779 et
492 727 592 779 nescire
604 728 735 781 vicissim?

238 847 279 900 De
292 863 350 900 cero
362 863 439 900 ceusu
450 856 735 916 quare-copooecaetcrr

62 941 196 996 Notitiam
207 943 263 996 veri
274 959 332 1011 quae
343 960 385 995 res
397 943 509 1010 falsique
521 943 631 1007 creerit3

63 1010 99 1063 Et
111 1010 224 1064 dubium
236 1018 307 1064 certo
319 1030 378 1080 quae
390 1029 431 1064 res
443 1012 546 1064 differre
558 1012 692 1080 probarit?

83 1127 86 1131 .
99 1081 229 1149 Invenies,
241 1082 333 1149 primis
345 1081 380 1133 ab
392 1081 510 1133 sensibus
523 1098 578 1132 esse
590 1088 706 1134 creatam

33 1170 51 1200 ο
62 1147 194 1202 Notitiam
205 1151 268 1215 veri,
280 1168 365 1218 neque
378 1167 468 1202 sensus
480 1167 554 1230 posse
566 1151 664 1203 refelli:
856 1157 908 1206 480

62 1216 88 1269 N
88 1236 133 1270 em
143 1221 242 1287 majore
254 1219 306 1271 fide
318 1218 396 1272 debet
407 1220 545 1287 reperirier
556 1219 631 1285 iliud,

62 1285 162 1355 Sponte
174 1306 223 1340 sue
234 1289 302 1341 veris
314 1289 384 1356 quod
397 1289 479 1357 possit
491 1289 596 1340 vincere
608 1288 682 1342 false.

63 1355 134 1419 Quid
145 1359 244 1425 majore
255 1357 307 1409 fide
318 1375 401 1425 porro,
415 1375 495 1426 quem
507 1375 604 1425 sensus,
616 1358 707 1411 heberi

60 1425 164 1479 Debet?
182 1443 217 1479 en
229 1427 263 1479 eb
274 1444 352 1478 sensu
363 1427 429 1478 falso
441 1427 509 1478 ratio
522 1432 579 1479 orte
591 1427 690 1480 valebit

61 1493 155 1547 Dicere
168 1513 210 1547 eos
222 1501 320 1562 contro,
333 1513 392 1564 queo
405 1501 462 1548 cote
474 1495 507 1547 eb
520 1496 637 1548 sensibus
649 1503 707 1549 orte
719 1497 776 1550 esti

62 1563 113 1626 Qui
126 1565 178 1616 nisi
190 1565 244 1617 sint
255 1565 318 1631 veri,
330 1566 398 1617 ratio
410 1582 513 1633 quoque
524 1565 592 1617 feisa
603 1565 634 1618 fio
647 1567 739 1620 omnis.

61 1632 103 1684 An
116 1640 242 1701 poterunt
254 1634 343 1686 oculos
355 1651 430 1686 eures
442 1635 648 1703 reprehendere?
666 1653 701 1688 an
713 1654 789 1689 eures

60 1700 176 1754 Tactus?
194 1720 229 1754 en
240 1704 313 1755 hunc
325 1720 401 1771 porro
413 1709 515 1755 tactum
528 1721 603 1772 sapor
615 1711 709 1772 arguet
720 1705 789 1758 orici

60 1771 103 1822 An
115 1771 293 1824 confutabunt
305 1789 387 1838 nares,
400 1772 503 1825 oculive
515 1773 670 1826 revincent?

14 1870 17 1878 .
59 1838 86 1891 Ν
86 1856 128 1906 on,
141 1846 174 1893 ut
186 1841 283 1908 opinor,
296 1841 336 1893 ita
348 1847 401 1894 est:
420 1859 483 1893 nem
495 1858 610 1893 seorsum
622 1843 716 1910 cuique
727 1848 843 1912 potestas
853 1848 905 1897 490

59 1907 152 1962 Divisa
164 1916 219 1963 est:
238 1927 286 1962 sue
298 1911 338 1962 vis
350 1911 445 1978 cuique
458 1916 510 1962 est:
528 1911 639 1979 ideoque
651 1929 755 1965 necesse
767 1920 814 1982 est,

58 1977 94 2031 Ee
107 1979 178 2047 quod
189 1979 267 2031 molle
280 1980 315 2032 sit
327 1984 354 2032 et
365 1979 483 2048 gelidum
494 1979 631 2033 fervensve
643 1982 741 2047 videri3

59 2045 94 2100 ut
107 2065 223 2100 seorsum
234 2049 320 2101 varios
332 2066 420 2100 rerum
432 2049 528 2101 sentire
540 2049 645 2116 colores,

58 2115 95 2170 Et
108 2133 280 2186 quecumque
293 2117 416 2170 coloribu’
430 2118 483 2180 sint
495 2120 643 2187 conjuncto,
656 2136 760 2171 necesse
772 2123 819 2172 est.

58 2183 166 2238 seorsus
178 2186 242 2238 item
255 2204 331 2255 sopor
343 2187 394 2238 oris
406 2187 560 2254 hebetum,
573 2206 673 2240 seorsus
685 2189 776 2240 odores

57 2253 217 2321 Nascuntur,
230 2273 345 2308 seorsum
358 2256 473 2308 sonitus:
492 2256 603 2323 ideoque
615 2273 719 2308 necesse
731 2260 778 2322 est,

57 2322 83 2374 N
84 2342 118 2376 on
130 2325 231 2392 possint
242 2325 307 2377 elios
319 2325 366 2377 elii
378 2325 533 2377 convincere
546 2343 643 2378 sensus.

56 2390 83 2443 Ν
83 2410 113 2444 eo
125 2410 201 2461 porro
213 2398 338 2461 poterunt
350 2394 401 2462 ipsi
403 2394 601 2514 {eprehendere
614 2411 682 2457 sese;

57 2460 146 2530 AEque
157 2462 221 2514 fides
234 2463 359 2530 quoniam
371 2463 403 2514 de
422 2462 477 2515 ebit
489 2480 590 2531 semper
601 2461 700 2514 heberi,

58 2529 178 2598 Proinde,
197 2532 267 2600 quod
284 2531 314 2583 in
332 2548 434 2601 quoque
451 2536 492 2583 est
509 2531 551 2584 his
569 2531 655 2583 visum
672 2537 798 2602 tempore,
809 2549 903 2586 verum

91 2668 135 2738 Iu,
147 2618 177 2724 ue
179 2606 234 2724 iim
246 2669 344 2740 poterit
355 2669 424 2724 ratio
435 2669 577 2724 dissolvere
588 2686 708 2741 censum,
851 2607 903 2656 600
