1928 2964
358 168 466 223 LIBER
483 165 621 225 saerS.
858 178 910 227 213

101 269 244 338 Multaque
256 277 381 338 praeterea
393 271 547 338 languentia
559 271 675 322 membra
688 288 734 338 per
746 277 819 324 artus

66 337 186 405 Solvunt,
198 346 278 407 atque
290 341 406 391 animam
417 341 578 392 labefactant
591 339 694 390 sedibus
707 341 786 393 intus.

100 407 227 476 Denique,
241 409 262 458 si
275 408 367 460 calidis
379 411 460 460 etiam
473 416 595 460 cunctere
607 409 725 475 lavacris,
855 413 906 462 600

65 475 178 542 Plenior,
192 487 219 528 et
230 477 320 528 fluoris
333 477 396 529 solio
408 479 534 528 ferventis
546 480 642 544 aquai;

66 543 153 605 Quam
165 546 243 596 facile
254 548 283 597 in
296 546 380 597 medio
392 547 424 597 fit
436 547 477 597 uti
490 547 535 597 des
548 563 615 612 saepe
628 545 734 598 ruinasl
815 612 817 616 v

100 613 299 682 Carbonumque
311 617 398 681 gravis
411 616 450 666 vis
462 623 541 682 atque
554 614 616 666 odor
628 616 778 666 insinuatur

66 680 154 742 Quam
165 683 243 735 facile
255 684 283 734 in
296 683 436 750 cerebrum,
449 684 500 734 nisi
512 701 607 750 aquam
620 685 789 752 praecepimus
801 684 882 737 antel

64 751 102 802 At
114 769 197 819 quum
209 752 325 804 membra
338 753 430 803 domus
442 754 557 820 percepit
570 753 671 804 fervida
683 754 769 805 nervis
778 761 797 819 ¹²,

66 819 135 871 Tum
147 820 179 870 fit
191 821 253 872 odor
265 822 320 873 vini
333 821 417 888 plagae
430 822 577 872 mactabilis
589 821 680 874 instar.

100 887 193 941 Nonne
205 890 278 941 vides
290 891 377 957 etiam,
391 898 460 942 terra
472 908 575 958 quoque
587 889 697 957 sulphur
708 890 737 940 in
749 890 806 957 ipsa

65 957 179 1025 Gignier,
193 967 220 1010 et
232 964 300 1010 tetro
313 977 475 1011 concrescere
488 960 564 1010 odore
576 959 712 1010 bitumenl

65 1026 194 1094 Denique,
208 1027 252 1078 ubi
265 1029 368 1095 argenti
381 1046 459 1079 venas
472 1029 580 1094 aurique
593 1035 745 1096 sequuntur,

63 1095 154 1147 Terrai
167 1097 272 1163 penitus
285 1105 430 1149 scrutantes
443 1097 532 1148 abdita
544 1098 625 1158 ferr03
853 1101 904 1150 810

65 1163 162 1227 Quales
174 1166 289 1232 exspiret
301 1167 467 1234 scaptensula
476 1166 568 1225 ‚subter
580 1165 685 1217 odoresl

64 1233 167 1295 Quidve
178 1235 241 1285 mali
253 1234 284 1285 fit
296 1242 326 1286 ut
339 1236 464 1287 exhalent
476 1241 570 1286 aurata
581 1234 707 1287 metallal

64 1301 135 1364 Quas
148 1302 284 1354 hominum
295 1304 410 1356 reddunt
421 1305 509 1371 facies,
523 1304 663 1371 qualesque
675 1303 788 1356 colores?

64 1369 158 1422 Nonne
170 1372 250 1438 vides,
263 1373 378 1439 audisve,
390 1374 473 1441 perire
486 1375 514 1423 in
527 1380 642 1440 tempore
654 1390 734 1440 parvo

64 1439 152 1498 Quam
165 1440 279 1504 soleant;
297 1449 324 1494 et
337 1460 416 1509 quarn
429 1443 495 1494 vitai
507 1443 582 1510 copia
595 1443 669 1507 desit,

64 1508 134 1570 Quos
147 1526 223 1589 opere
235 1510 263 1560 in
276 1511 324 1562 tali
337 1511 439 1562 cohibet
452 1513 491 1563 vis
502 1528 605 1577 magna,
618 1528 721 1562 necesse
733 1510 790 1562 estl

64 1577 120 1628 Hos
132 1578 216 1645 igrtur
228 1579 306 1630 tellus
318 1597 406 1632 omnes
419 1587 548 1632 exaestuat
561 1588 647 1644 aestus,

63 1645 240 1714 Exspiratque
252 1647 320 1700 foras
332 1650 463 1717 inaperta
475 1657 646 1717 promptaque
658 1649 724 1701 coeli.

99 1714 142 1766 Sic
154 1723 181 1767 et
193 1717 296 1769 Averna
308 1718 364 1770 loca
376 1718 484 1770 alitibus
497 1718 650 1770 submittere
661 1718 757 1769 debent

63 1783 228 1836 Mortiferam
240 1786 300 1852 vim,
313 1787 427 1838 deterre
439 1804 496 1852 quae
509 1788 592 1852 surgit
603 1788 632 1837 in
645 1805 729 1852 auras,
851 1789 902 1838 820

64 1852 101 1904 Ut
114 1853 230 1920 spatium
243 1855 300 1905 coeli
313 1855 426 1923 quadam
439 1855 471 1906 de
483 1861 557 1922 parte
569 1864 694 1907 venenet:

64 1921 121 1985 Quo
134 1923 254 1974 simulac
267 1925 381 1990 primum
393 1925 485 1992 pennis
498 1923 586 1974 delata
599 1923 633 1974 sit
645 1923 707 1989 ales,

63 1990 228 2058 Impediatur
240 1991 276 2042 ibi
288 2009 355 2044 caeco
368 2000 486 2060 correpta
498 2009 605 2057 veneno,

63 2059 100 2111 Ut
112 2060 191 2111 cadat
203 2077 217 2111 e
229 2062 333 2127 regione
345 2062 402 2127 loci,
415 2079 467 2129 qua
479 2061 570 2127 dirigit
583 2068 673 2112 aestus:

62 2128 119 2191 Quo
131 2147 214 2196 quum
226 2130 323 2181 corruit
335 2130 390 2181 haec
403 2131 494 2181 eadem
507 2131 546 2181 vis
559 2131 630 2182 illius
643 2136 729 2196 aestus,

62 2195 198 2266 Reliquias
211 2199 272 2249 vitae
284 2199 406 2251 membris
418 2216 451 2250 ex
464 2198 584 2263 omnibus
596 2202 689 2252 aufert.

62 2265 168 2334 Quippe
181 2267 278 2318 etenim
290 2270 374 2336 primo
386 2269 460 2335 quasi
472 2268 602 2335 quendam
615 2269 715 2320 conciet
728 2273 834 2320 aestum:

61 2334 195 2386 Posterius
207 2335 245 2400 fit,
258 2337 300 2387 uti
313 2354 394 2403 quum
402 2340 460 2404 jam
472 2337 587 2389 cecidere
600 2337 695 2389 veneni

60 2403 94 2455 In
106 2405 192 2456 fontes
204 2404 280 2472 ipsos,
292 2405 329 2456 ibi
341 2406 376 2456 sit
389 2422 490 2472 quoque
503 2406 559 2457 vita
571 2406 705 2471 vomenda‚

60 2471 203 2540 Propterea
216 2474 283 2540 quod
295 2490 391 2540 magna
404 2475 468 2526 mali
480 2475 514 2525 sit
527 2475 601 2542 copia
613 2475 718 2526 circum.
849 2475 901 2525 830

90 2541 136 2592 Fit
145 2558 255 2609 quoque,
263 2548 294 2593 ut
303 2542 438 2594 interdum
447 2544 486 2595 vis
498 2543 555 2594 haec
564 2549 644 2610 atque
654 2543 837 2595 aestusrlverni

59 2611 139 2676 Aera,
152 2611 199 2678 qui
210 2611 280 2662 inter
292 2627 353 2664 aves
366 2629 478 2679 cumque
490 2619 530 2663 est
543 2617 691 2680 terramque
704 2612 812 2680 locatus,

402 2701 412 2720 ⁸
427 2698 501 2746 servin
516 2697 563 2737 ΜΒ,
