<?xml version="1.0" encoding="UTF-8"?>
<!DOCTYPE html PUBLIC "-//W3C//DTD XHTML 1.0 Transitional//EN"
    "http://www.w3.org/TR/xhtml1/DTD/xhtml1-transitional.dtd">
<html xmlns="http://www.w3.org/1999/xhtml" xml:lang="en" lang="en">
 <head>
  <title>
</title>
<meta http-equiv="Content-Type" content="text/html;charset=utf-8" />
  <meta name='ocr-system' content='tesseract 3.04.00' />
  <meta name='ocr-capabilities' content='ocr_page ocr_carea ocr_par ocr_line ocrx_word'/>
</head>
<body>
  <div class='ocr_page' id='page_1' title='image "./tlucretiicaride03carugoog_0084.png"; bbox 0 0 1928 2964; ppageno 0'>
   <div class='ocr_carea' id='block_1_1' title="bbox 317 127 894 181">
    <p class='ocr_par' dir='ltr' id='par_1_1' title="bbox 317 127 894 181">
     <span class='ocr_line' id='line_1_1' title="bbox 317 127 894 181; baseline -0.003 -1"><span class='ocrx_word' id='word_1_1' title='bbox 317 127 427 180; x_wconf 78' lang='lat' dir='ltr'>LIBER</span> <span class='ocrx_word' id='word_1_2' title='bbox 445 127 634 181; x_wconf 77' lang='lat' dir='ltr'>SECUNDUS.</span> <span class='ocrx_word' id='word_1_3' title='bbox 860 130 894 178; x_wconf 81' lang='lat'>59</span> 
     </span>
    </p>
   </div>
   <div class='ocr_carea' id='block_1_2' title="bbox 53 227 894 847">
    <p class='ocr_par' dir='ltr' id='par_1_2' title="bbox 53 227 894 298">
     <span class='ocr_line' id='line_1_2' title="bbox 53 227 894 298; baseline 0 -17"><span class='ocrx_word' id='word_1_4' title='bbox 53 227 126 281; x_wconf 81' lang='lat' dir='ltr'>Inter</span> <span class='ocrx_word' id='word_1_5' title='bbox 138 247 165 281; x_wconf 90' lang='lat' dir='ltr'>se</span> <span class='ocrx_word' id='word_1_6' title='bbox 177 229 276 297; x_wconf 79' lang='lat' dir='ltr'>genitae</span> <span class='ocrx_word' id='word_1_7' title='bbox 287 247 329 282; x_wconf 89' lang='lat' dir='ltr'>res</span> <span class='ocrx_word' id='word_1_8' title='bbox 342 246 468 297; x_wconf 81' lang='lat' dir='ltr'>quaeque3</span> <span class='ocrx_word' id='word_1_9' title='bbox 485 230 525 282; x_wconf 85' lang='lat' dir='ltr'>ita</span> <span class='ocrx_word' id='word_1_10' title='bbox 536 247 666 298; x_wconf 89' lang='lat' dir='ltr'>quamque</span> <span class='ocrx_word' id='word_1_11' title='bbox 678 247 782 282; x_wconf 87' lang='lat' dir='ltr'>necesse</span> <span class='ocrx_word' id='word_1_12' title='bbox 790 237 829 282; x_wconf 88' lang='lat' dir='ltr'>est</span> <span class='ocrx_word' id='word_1_13' title='bbox 818 231 894 283; x_wconf 75' lang='grc'>1720</span> 
     </span>
    </p>

    <p class='ocr_par' dir='ltr' id='par_1_3' title="bbox 54 297 627 379">
     <span class='ocr_line' id='line_1_3' title="bbox 54 297 627 379; baseline 0.004 -31"><span class='ocrx_word' id='word_1_14' title='bbox 54 298 184 349; x_wconf 90' lang='lat' dir='ltr'>Dissimili</span> <span class='ocrx_word' id='word_1_15' title='bbox 195 305 316 350; x_wconf 73' lang='lat' dir='ltr'>constare</span> <span class='ocrx_word' id='word_1_16' title='bbox 329 297 414 365; x_wconf 90' lang='lat' dir='ltr'>figura</span> <span class='ocrx_word' id='word_1_17' title='bbox 426 299 627 379; x_wconf 86' lang='lat' dir='ltr'>principiorum:</span> 
     </span>
    </p>

    <p class='ocr_par' dir='ltr' id='par_1_4' title="bbox 55 367 782 436">
     <span class='ocr_line' id='line_1_4' title="bbox 55 367 782 436; baseline 0.001 -18"><span class='ocrx_word' id='word_1_18' title='bbox 55 367 120 433; x_wconf 87' lang='lat' dir='ltr'>Non,</span> <span class='ocrx_word' id='word_1_19' title='bbox 133 382 186 434; x_wconf 91' lang='lat' dir='ltr'>quo</span> <span class='ocrx_word' id='word_1_20' title='bbox 198 367 286 419; x_wconf 92' lang='lat' dir='ltr'>multa</span> <span class='ocrx_word' id='word_1_21' title='bbox 298 385 393 434; x_wconf 83' lang='lat' dir='ltr'>pamm</span> <span class='ocrx_word' id='word_1_22' title='bbox 405 367 484 418; x_wconf 87' lang='lat' dir='ltr'>simili</span> <span class='ocrx_word' id='word_1_23' title='bbox 497 368 550 419; x_wconf 89' lang='lat' dir='ltr'>sint</span> <span class='ocrx_word' id='word_1_24' title='bbox 562 368 656 436; x_wconf 87' lang='lat' dir='ltr'>praedit</span> <span class='ocrx_word' id='word_1_25' title='bbox 657 385 674 418; x_wconf 89' lang='lat' dir='ltr'>a</span> <span class='ocrx_word' id='word_1_26' title='bbox 645 369 782 431; x_wconf 89' lang='lat' dir='ltr'>tforma;</span> 
     </span>
    </p>

    <p class='ocr_par' dir='ltr' id='par_1_5' title="bbox 54 408 794 573">
     <span class='ocr_line' id='line_1_5' title="bbox 54 408 794 504; baseline -0.001 -16"><span class='ocrx_word' id='word_1_27' title='bbox 54 435 102 488; x_wconf 87' lang='lat' dir='ltr'>Sed</span> <span class='ocrx_word' id='word_1_28' title='bbox 115 437 180 504; x_wconf 88' lang='lat' dir='ltr'>qnia</span> <span class='ocrx_word' id='word_1_29' title='bbox 191 453 245 488; x_wconf 93' lang='lat' dir='ltr'>non</span> <span class='ocrx_word' id='word_1_30' title='bbox 257 436 338 503; x_wconf 83' lang='lat' dir='ltr'>vulgo</span> <span class='ocrx_word' id='word_1_31' title='bbox 349 436 424 503; x_wconf 86' lang='lat' dir='ltr'>paria</span> <span class='ocrx_word' id='word_1_32' title='bbox 436 435 555 488; x_wconf 92' lang='lat' dir='ltr'>omnibus</span> <span class='ocrx_word' id='word_1_33' title='bbox 567 437 655 488; x_wconf 92' lang='lat' dir='ltr'>omnia</span> <span class='ocrx_word' id='word_1_34' title='bbox 667 408 794 489; x_wconf 74' lang='lat' dir='ltr'>constenl.</span> 
     </span>
     <span class='ocr_line' id='line_1_6' title="bbox 86 504 778 573; baseline -0.001 -16"><span class='ocrx_word' id='word_1_35' title='bbox 86 505 194 557; x_wconf 78' lang='lat' dir='ltr'>Semina</span> <span class='ocrx_word' id='word_1_36' title='bbox 206 522 289 573; x_wconf 92' lang='lat' dir='ltr'>quum</span> <span class='ocrx_word' id='word_1_37' title='bbox 301 522 377 572; x_wconf 89' lang='lat' dir='ltr'>porro</span> <span class='ocrx_word' id='word_1_38' title='bbox 390 504 488 556; x_wconf 89' lang='lat' dir='ltr'>distent</span> <span class='ocrx_word' id='word_1_39' title='bbox 489 505 611 570; x_wconf 86' lang='lat' dir='ltr'>‚differre</span> <span class='ocrx_word' id='word_1_40' title='bbox 623 523 726 557; x_wconf 87' lang='lat' dir='ltr'>necesse</span> <span class='ocrx_word' id='word_1_41' title='bbox 739 512 778 557; x_wconf 89' lang='lat' dir='ltr'>est</span> 
     </span>
    </p>

    <p class='ocr_par' dir='ltr' id='par_1_6' title="bbox 55 545 685 642">
     <span class='ocr_line' id='line_1_7' title="bbox 55 545 685 642; baseline 0.002 -18"><span class='ocrx_word' id='word_1_42' title='bbox 55 573 245 639; x_wconf 83' lang='lat' dir='ltr'>Intervalla,</span> <span class='ocrx_word' id='word_1_43' title='bbox 219 591 284 639; x_wconf 85' lang='lat' dir='ltr'>vras,</span> <span class='ocrx_word' id='word_1_44' title='bbox 297 590 431 626; x_wconf 81' lang='lat' dir='ltr'>connexus</span> <span class='ocrx_word' id='word_1_45' title='bbox 431 545 573 642; x_wconf 71' lang='lat' dir='ltr'>,poidera</span> <span class='ocrx_word' id='word_1_46' title='bbox 585 574 685 642; x_wconf 79' lang='lat' dir='ltr'>plagas,</span> 
     </span>
    </p>

    <p class='ocr_par' dir='ltr' id='par_1_7' title="bbox 55 643 697 710">
     <span class='ocr_line' id='line_1_8' title="bbox 55 643 697 710; baseline -0.002 -16"><span class='ocrx_word' id='word_1_47' title='bbox 55 643 207 708; x_wconf 82' lang='lat' dir='ltr'>Concursus,</span> <span class='ocrx_word' id='word_1_48' title='bbox 219 649 321 705; x_wconf 89' lang='lat' dir='ltr'>motus;</span> <span class='ocrx_word' id='word_1_49' title='bbox 340 660 399 710; x_wconf 82' lang='lat' dir='ltr'>quae</span> <span class='ocrx_word' id='word_1_50' title='bbox 411 660 464 694; x_wconf 92' lang='lat' dir='ltr'>non</span> <span class='ocrx_word' id='word_1_51' title='bbox 476 643 601 694; x_wconf 90' lang='lat' dir='ltr'>animalia</span> <span class='ocrx_word' id='word_1_52' title='bbox 613 643 697 694; x_wconf 90' lang='lat' dir='ltr'>solum</span> 
     </span>
    </p>

    <p class='ocr_par' dir='ltr' id='par_1_8' title="bbox 55 711 707 779">
     <span class='ocr_line' id='line_1_9' title="bbox 55 711 707 779; baseline 0 -17"><span class='ocrx_word' id='word_1_53' title='bbox 55 711 167 779; x_wconf 78' lang='lat' dir='ltr'>Corpora</span> <span class='ocrx_word' id='word_1_54' title='bbox 180 713 331 779; x_wconf 84' lang='lat' dir='ltr'>sejungunt,</span> <span class='ocrx_word' id='word_1_55' title='bbox 312 713 388 763; x_wconf 91' lang='lat' dir='ltr'>tsed</span> <span class='ocrx_word' id='word_1_56' title='bbox 401 717 482 763; x_wconf 85' lang='lat' dir='ltr'>terras</span> <span class='ocrx_word' id='word_1_57' title='bbox 495 729 525 762; x_wconf 90' lang='lat' dir='ltr'>ac</span> <span class='ocrx_word' id='word_1_58' title='bbox 537 728 609 763; x_wconf 88' lang='lat' dir='ltr'>mare</span> <span class='ocrx_word' id='word_1_59' title='bbox 621 717 707 762; x_wconf 90' lang='lat' dir='ltr'>totum</span> 
     </span>
    </p>

    <p class='ocr_par' dir='ltr' id='par_1_9' title="bbox 55 779 725 847">
     <span class='ocr_line' id='line_1_10' title="bbox 55 779 725 847; baseline 0.001 -15"><span class='ocrx_word' id='word_1_60' title='bbox 55 779 208 846; x_wconf 72' lang='lat' dir='ltr'>decernunt,</span> <span class='ocrx_word' id='word_1_61' title='bbox 220 781 368 847; x_wconf 86' lang='lat' dir='ltr'>coelumque</span> <span class='ocrx_word' id='word_1_62' title='bbox 380 798 397 832; x_wconf 94' lang='lat' dir='ltr'>a</span> <span class='ocrx_word' id='word_1_63' title='bbox 408 781 484 832; x_wconf 88' lang='lat' dir='ltr'>terris</span> <span class='ocrx_word' id='word_1_64' title='bbox 497 797 573 832; x_wconf 90' lang='lat' dir='ltr'>omne</span> <span class='ocrx_word' id='word_1_65' title='bbox 584 786 725 833; x_wconf 83' lang='lat' dir='ltr'>retentant.</span> 
     </span>
    </p>
   </div>
   <div class='ocr_carea' id='block_1_3' title="bbox 151 893 794 964">
    <p class='ocr_par' dir='ltr' id='par_1_10' title="bbox 151 893 794 964">
     <span class='ocr_line' id='line_1_11' title="bbox 151 893 794 964; baseline -0.002 -16"><span class='ocrx_word' id='word_1_66' title='bbox 151 895 217 948; x_wconf 80' lang='lat' dir='ltr'>Noa</span> <span class='ocrx_word' id='word_1_67' title='bbox 230 895 368 948; x_wconf 77' lang='lat' dir='ltr'>necessario</span> <span class='ocrx_word' id='word_1_68' title='bbox 380 894 439 947; x_wconf 81' lang='lat' dir='ltr'>aldo</span> <span class='ocrx_word' id='word_1_69' title='bbox 451 912 483 947; x_wconf 72' lang='lat' dir='ltr'>cc</span> <span class='ocrx_word' id='word_1_70' title='bbox 494 893 560 946; x_wconf 72' lang='lat' dir='ltr'>albis</span> <span class='ocrx_word' id='word_1_71' title='bbox 567 893 794 964; x_wconf 75' lang='lat' dir='ltr'>principiiofieri,</span> 
     </span>
    </p>
   </div>
   <div class='ocr_carea' id='block_1_4' title="bbox 10 988 896 2710">
    <p class='ocr_par' dir='ltr' id='par_1_11' title="bbox 10 988 896 2710">
     <span class='ocr_line' id='line_1_12' title="bbox 87 988 697 1057; baseline -0.002 -15"><span class='ocrx_word' id='word_1_72' title='bbox 87 990 168 1042; x_wconf 87' lang='lat' dir='ltr'>Nunc</span> <span class='ocrx_word' id='word_1_73' title='bbox 181 1007 238 1056; x_wconf 88' lang='lat' dir='ltr'>age,</span> <span class='ocrx_word' id='word_1_74' title='bbox 251 990 322 1041; x_wconf 88' lang='lat' dir='ltr'>dicta</span> <span class='ocrx_word' id='word_1_75' title='bbox 333 1007 391 1041; x_wconf 90' lang='lat' dir='ltr'>meo</span> <span class='ocrx_word' id='word_1_76' title='bbox 404 989 475 1041; x_wconf 90' lang='lat' dir='ltr'>dulci</span> <span class='ocrx_word' id='word_1_77' title='bbox 488 989 597 1057; x_wconf 85' lang='lat' dir='ltr'>quaesita</span> <span class='ocrx_word' id='word_1_78' title='bbox 609 988 697 1041; x_wconf 86' lang='lat' dir='ltr'>laboro</span> 
     </span>
     <span class='ocr_line' id='line_1_13' title="bbox 55 1057 893 1128; baseline -0.002 -18"><span class='ocrx_word' id='word_1_79' title='bbox 55 1058 177 1128; x_wconf 89' lang='lat' dir='ltr'>Percipe:</span> <span class='ocrx_word' id='word_1_80' title='bbox 195 1076 230 1110; x_wconf 86' lang='lat' dir='ltr'>ne</span> <span class='ocrx_word' id='word_1_81' title='bbox 241 1059 309 1110; x_wconf 87' lang='lat' dir='ltr'>forte</span> <span class='ocrx_word' id='word_1_82' title='bbox 320 1059 377 1110; x_wconf 87' lang='lat' dir='ltr'>haec</span> <span class='ocrx_word' id='word_1_83' title='bbox 388 1058 455 1110; x_wconf 87' lang='lat' dir='ltr'>albis</span> <span class='ocrx_word' id='word_1_84' title='bbox 467 1076 501 1110; x_wconf 84' lang='lat' dir='ltr'>ox</span> <span class='ocrx_word' id='word_1_85' title='bbox 513 1057 572 1110; x_wconf 86' lang='lat' dir='ltr'>alba</span> <span class='ocrx_word' id='word_1_86' title='bbox 584 1059 664 1109; x_wconf 87' lang='lat' dir='ltr'>rearis</span> <span class='ocrx_word' id='word_1_87' title='bbox 844 1059 893 1110; x_wconf 85' lang='grc'>730</span> 
     </span>
     <span class='ocr_line' id='line_1_14' title="bbox 56 1127 751 1196; baseline -0.003 -16"><span class='ocrx_word' id='word_1_88' title='bbox 56 1127 196 1196; x_wconf 89' lang='lat' dir='ltr'>Principiis</span> <span class='ocrx_word' id='word_1_89' title='bbox 208 1145 270 1193; x_wconf 85' lang='lat' dir='ltr'>esse,</span> <span class='ocrx_word' id='word_1_90' title='bbox 283 1133 344 1179; x_wconf 88' lang='lat' dir='ltr'>ante</span> <span class='ocrx_word' id='word_1_91' title='bbox 357 1129 444 1179; x_wconf 90' lang='lat' dir='ltr'>oculos</span> <span class='ocrx_word' id='word_1_92' title='bbox 456 1145 515 1195; x_wconf 85' lang='lat' dir='ltr'>quae</span> <span class='ocrx_word' id='word_1_93' title='bbox 528 1127 641 1178; x_wconf 87' lang='lat' dir='ltr'>candida</span> <span class='ocrx_word' id='word_1_94' title='bbox 653 1127 751 1190; x_wconf 88' lang='lat' dir='ltr'>cernis,</span> 
     </span>
     <span class='ocr_line' id='line_1_15' title="bbox 55 1169 691 1264; baseline -0.003 -15"><span class='ocrx_word' id='word_1_95' title='bbox 55 1198 109 1249; x_wconf 85' lang='lat' dir='ltr'>Aut</span> <span class='ocrx_word' id='word_1_96' title='bbox 121 1215 160 1262; x_wconf 86' lang='lat' dir='ltr'>ea,</span> <span class='ocrx_word' id='word_1_97' title='bbox 174 1213 234 1264; x_wconf 86' lang='lat' dir='ltr'>quae</span> <span class='ocrx_word' id='word_1_98' title='bbox 246 1169 361 1264; x_wconf 86' lang='lat' dir='ltr'>nigrant,</span> <span class='ocrx_word' id='word_1_99' title='bbox 373 1197 448 1264; x_wconf 88' lang='lat' dir='ltr'>nigro</span> <span class='ocrx_word' id='word_1_100' title='bbox 461 1197 493 1248; x_wconf 90' lang='lat' dir='ltr'>de</span> <span class='ocrx_word' id='word_1_101' title='bbox 505 1196 603 1248; x_wconf 88' lang='lat' dir='ltr'>semine</span> <span class='ocrx_word' id='word_1_102' title='bbox 615 1202 691 1247; x_wconf 89' lang='lat' dir='ltr'>nata:</span> 
     </span>
     <span class='ocr_line' id='line_1_16' title="bbox 55 1264 741 1333; baseline -0.003 -15"><span class='ocrx_word' id='word_1_103' title='bbox 55 1266 127 1318; x_wconf 85' lang='lat' dir='ltr'>Neve</span> <span class='ocrx_word' id='word_1_104' title='bbox 138 1265 225 1317; x_wconf 91' lang='lat' dir='ltr'>alium</span> <span class='ocrx_word' id='word_1_105' title='bbox 237 1266 354 1333; x_wconf 81' lang='lat' dir='ltr'>quemvis</span> <span class='ocrx_word' id='word_1_106' title='bbox 367 1271 497 1331; x_wconf 80' lang='lat' dir='ltr'>quaesunt</span> <span class='ocrx_word' id='word_1_107' title='bbox 509 1264 611 1316; x_wconf 91' lang='lat' dir='ltr'>imbuta</span> <span class='ocrx_word' id='word_1_108' title='bbox 623 1265 741 1332; x_wconf 89' lang='lat' dir='ltr'>colorem,</span> 
     </span>
     <span class='ocr_line' id='line_1_17' title="bbox 55 1334 704 1416; baseline -0.005 -29"><span class='ocrx_word' id='word_1_109' title='bbox 55 1335 198 1403; x_wconf 87' lang='lat' dir='ltr'>Propterea</span> <span class='ocrx_word' id='word_1_110' title='bbox 210 1351 298 1401; x_wconf 82' lang='lat' dir='ltr'>gerere</span> <span class='ocrx_word' id='word_1_111' title='bbox 310 1335 381 1386; x_wconf 92' lang='lat' dir='ltr'>hunc</span> <span class='ocrx_word' id='word_1_112' title='bbox 394 1335 490 1416; x_wconf 82' lang='lat' dir='ltr'>credas,</span> <span class='ocrx_word' id='word_1_113' title='bbox 503 1334 572 1402; x_wconf 93' lang='lat' dir='ltr'>quod</span> <span class='ocrx_word' id='word_1_114' title='bbox 584 1334 704 1385; x_wconf 86' lang='lat' dir='ltr'>materiai</span> 
     </span>
     <span class='ocr_line' id='line_1_18' title="bbox 55 1403 643 1472; baseline -0.003 -16"><span class='ocrx_word' id='word_1_115' title='bbox 55 1404 169 1472; x_wconf 80' lang='lat' dir='ltr'>Corpora</span> <span class='ocrx_word' id='word_1_116' title='bbox 181 1403 310 1455; x_wconf 88' lang='lat' dir='ltr'>consimili</span> <span class='ocrx_word' id='word_1_117' title='bbox 322 1404 375 1455; x_wconf 89' lang='lat' dir='ltr'>sint</span> <span class='ocrx_word' id='word_1_118' title='bbox 387 1405 442 1471; x_wconf 89' lang='lat' dir='ltr'>ejus</span> <span class='ocrx_word' id='word_1_119' title='bbox 455 1404 540 1455; x_wconf 86' lang='lat' dir='ltr'>tincta</span> <span class='ocrx_word' id='word_1_120' title='bbox 553 1403 643 1454; x_wconf 85' lang='lat' dir='ltr'>colore.</span> 
     </span>
     <span class='ocr_line' id='line_1_19' title="bbox 55 1472 618 1524; baseline -0.004 0"><span class='ocrx_word' id='word_1_121' title='bbox 55 1473 151 1524; x_wconf 82' lang='lat' dir='ltr'>Nullus</span> <span class='ocrx_word' id='word_1_122' title='bbox 165 1472 237 1523; x_wconf 85' lang='lat' dir='ltr'>enim</span> <span class='ocrx_word' id='word_1_123' title='bbox 248 1472 318 1524; x_wconf 89' lang='lat' dir='ltr'>color</span> <span class='ocrx_word' id='word_1_124' title='bbox 329 1478 368 1523; x_wconf 87' lang='lat' dir='ltr'>est</span> <span class='ocrx_word' id='word_1_125' title='bbox 380 1473 485 1524; x_wconf 91' lang='lat' dir='ltr'>omnino</span> <span class='ocrx_word' id='word_1_126' title='bbox 497 1472 618 1523; x_wconf 86' lang='lat' dir='ltr'>materiai</span> 
     </span>
     <span class='ocr_line' id='line_1_20' title="bbox 56 1539 800 1610; baseline -0.003 -16"><span class='ocrx_word' id='word_1_127' title='bbox 56 1539 218 1610; x_wconf 86' lang='lat' dir='ltr'>Corporibus,</span> <span class='ocrx_word' id='word_1_128' title='bbox 231 1558 316 1608; x_wconf 89' lang='lat' dir='ltr'>neque</span> <span class='ocrx_word' id='word_1_129' title='bbox 327 1559 375 1608; x_wconf 88' lang='lat' dir='ltr'>par</span> <span class='ocrx_word' id='word_1_130' title='bbox 386 1541 470 1607; x_wconf 89' lang='lat' dir='ltr'>rebus,</span> <span class='ocrx_word' id='word_1_131' title='bbox 482 1557 568 1607; x_wconf 88' lang='lat' dir='ltr'>neque</span> <span class='ocrx_word' id='word_1_132' title='bbox 580 1540 693 1608; x_wconf 86' lang='lat' dir='ltr'>denique</span> <span class='ocrx_word' id='word_1_133' title='bbox 705 1540 800 1609; x_wconf 89' lang='lat' dir='ltr'>dispar.</span> 
     </span>
     <span class='ocr_line' id='line_1_21' title="bbox 89 1610 710 1677; baseline -0.002 -15"><span class='ocrx_word' id='word_1_134' title='bbox 89 1611 123 1662; x_wconf 92' lang='lat' dir='ltr'>In</span> <span class='ocrx_word' id='word_1_135' title='bbox 136 1627 197 1677; x_wconf 86' lang='lat' dir='ltr'>quae</span> <span class='ocrx_word' id='word_1_136' title='bbox 210 1626 316 1677; x_wconf 87' lang='lat' dir='ltr'>corpora</span> <span class='ocrx_word' id='word_1_137' title='bbox 328 1611 350 1661; x_wconf 89' lang='lat' dir='ltr'>si</span> <span class='ocrx_word' id='word_1_138' title='bbox 361 1610 451 1662; x_wconf 90' lang='lat' dir='ltr'>nullus</span> <span class='ocrx_word' id='word_1_139' title='bbox 464 1610 513 1662; x_wconf 89' lang='lat' dir='ltr'>tibi</span> <span class='ocrx_word' id='word_1_140' title='bbox 525 1611 592 1661; x_wconf 88' lang='lat' dir='ltr'>forte</span> <span class='ocrx_word' id='word_1_141' title='bbox 605 1610 710 1662; x_wconf 87' lang='lat' dir='ltr'>videtur</span> 
     </span>
     <span class='ocr_line' id='line_1_22' title="bbox 56 1678 709 1747; baseline -0.002 -15"><span class='ocrx_word' id='word_1_142' title='bbox 56 1679 133 1732; x_wconf 86' lang='lat' dir='ltr'>Posse</span> <span class='ocrx_word' id='word_1_143' title='bbox 145 1679 230 1730; x_wconf 85' lang='lat' dir='ltr'>animi</span> <span class='ocrx_word' id='word_1_144' title='bbox 241 1678 354 1747; x_wconf 87' lang='lat' dir='ltr'>injectus</span> <span class='ocrx_word' id='word_1_145' title='bbox 366 1679 429 1744; x_wconf 90' lang='lat' dir='ltr'>fieri,</span> <span class='ocrx_word' id='word_1_146' title='bbox 442 1679 534 1747; x_wconf 90' lang='lat' dir='ltr'>procul</span> <span class='ocrx_word' id='word_1_147' title='bbox 546 1679 620 1730; x_wconf 90' lang='lat' dir='ltr'>avius</span> <span class='ocrx_word' id='word_1_148' title='bbox 633 1697 709 1731; x_wconf 86' lang='lat' dir='ltr'>erras.</span> 
     </span>
     <span class='ocr_line' id='line_1_23' title="bbox 55 1748 894 1816; baseline -0.002 -15"><span class='ocrx_word' id='word_1_149' title='bbox 55 1749 124 1801; x_wconf 84' lang='lat' dir='ltr'>Nam</span> <span class='ocrx_word' id='word_1_150' title='bbox 136 1765 221 1816; x_wconf 91' lang='lat' dir='ltr'>quum</span> <span class='ocrx_word' id='word_1_151' title='bbox 234 1748 363 1814; x_wconf 84' lang='lat' dir='ltr'>caecigeni,</span> <span class='ocrx_word' id='word_1_152' title='bbox 376 1748 436 1800; x_wconf 88' lang='lat' dir='ltr'>solis</span> <span class='ocrx_word' id='word_1_153' title='bbox 448 1748 494 1816; x_wconf 89' lang='lat' dir='ltr'>qui</span> <span class='ocrx_word' id='word_1_154' title='bbox 506 1748 608 1799; x_wconf 90' lang='lat' dir='ltr'>lumina</span> <span class='ocrx_word' id='word_1_155' title='bbox 619 1765 757 1816; x_wconf 90' lang='lat' dir='ltr'>nunquam</span> <span class='ocrx_word' id='word_1_156' title='bbox 844 1750 894 1800; x_wconf 85' lang='lat'>740</span> 
     </span>
     <span class='ocr_line' id='line_1_24' title="bbox 55 1818 697 1898; baseline -0.005 -27"><span class='ocrx_word' id='word_1_157' title='bbox 55 1818 212 1898; x_wconf 76' lang='lat' dir='ltr'>Desperare,</span> <span class='ocrx_word' id='word_1_158' title='bbox 226 1821 315 1868; x_wconf 90' lang='lat' dir='ltr'>tamen</span> <span class='ocrx_word' id='word_1_159' title='bbox 327 1823 484 1884; x_wconf 85' lang='lat' dir='ltr'>cognoscant</span> <span class='ocrx_word' id='word_1_160' title='bbox 496 1834 604 1884; x_wconf 87' lang='lat' dir='ltr'>corpora</span> <span class='ocrx_word' id='word_1_161' title='bbox 614 1823 697 1884; x_wconf 90' lang='lat' dir='ltr'>tactu,</span> 
     </span>
     <span class='ocr_line' id='line_1_25' title="bbox 56 1886 638 1954; baseline -0.002 -15"><span class='ocrx_word' id='word_1_162' title='bbox 56 1887 98 1938; x_wconf 84' lang='lat' dir='ltr'>Ex</span> <span class='ocrx_word' id='word_1_163' title='bbox 109 1887 221 1938; x_wconf 88' lang='lat' dir='ltr'>ineunte</span> <span class='ocrx_word' id='word_1_164' title='bbox 233 1903 288 1937; x_wconf 84' lang='lat' dir='ltr'>aevo</span> <span class='ocrx_word' id='word_1_165' title='bbox 300 1886 373 1938; x_wconf 88' lang='lat' dir='ltr'>nullo</span> <span class='ocrx_word' id='word_1_166' title='bbox 386 1888 527 1954; x_wconf 90' lang='lat' dir='ltr'>conjuncta</span> <span class='ocrx_word' id='word_1_167' title='bbox 539 1886 638 1939; x_wconf 88' lang='lat' dir='ltr'>colore:</span> 
     </span>
     <span class='ocr_line' id='line_1_26' title="bbox 57 1955 732 2024; baseline 0 -16"><span class='ocrx_word' id='word_1_168' title='bbox 57 1955 127 2008; x_wconf 82' lang='lat' dir='ltr'>Scire</span> <span class='ocrx_word' id='word_1_169' title='bbox 139 1955 211 2021; x_wconf 90' lang='lat' dir='ltr'>licet,</span> <span class='ocrx_word' id='word_1_170' title='bbox 224 1960 283 2006; x_wconf 91' lang='lat' dir='ltr'>nost</span> <span class='ocrx_word' id='word_1_171' title='bbox 283 1971 319 2006; x_wconf 86' lang='lat' dir='ltr'>rae</span> <span class='ocrx_word' id='word_1_172' title='bbox 332 1972 435 2022; x_wconf 85' lang='lat' dir='ltr'>quoque</span> <span class='ocrx_word' id='word_1_173' title='bbox 446 1955 529 2006; x_wconf 90' lang='lat' dir='ltr'>menti</span> <span class='ocrx_word' id='word_1_174' title='bbox 541 1971 647 2022; x_wconf 90' lang='lat' dir='ltr'>corpora</span> <span class='ocrx_word' id='word_1_175' title='bbox 659 1973 732 2024; x_wconf 89' lang='lat' dir='ltr'>posse</span> 
     </span>
     <span class='ocr_line' id='line_1_27' title="bbox 56 2023 643 2104; baseline -0.002 -27"><span class='ocrx_word' id='word_1_176' title='bbox 56 2024 152 2077; x_wconf 78' lang='lat' dir='ltr'>verti</span> <span class='ocrx_word' id='word_1_177' title='bbox 143 2041 174 2076; x_wconf 84' lang='grc' dir='ltr'>ιιι</span> <span class='ocrx_word' id='word_1_178' title='bbox 186 2023 317 2104; x_wconf 81' lang='lat' dir='ltr'>notitiam,</span> <span class='ocrx_word' id='word_1_179' title='bbox 329 2024 403 2076; x_wconf 88' lang='lat' dir='ltr'>nullo</span> <span class='ocrx_word' id='word_1_180' title='bbox 415 2024 563 2076; x_wconf 88' lang='lat' dir='ltr'>circumlita</span> <span class='ocrx_word' id='word_1_181' title='bbox 575 2025 643 2077; x_wconf 86' lang='lat' dir='ltr'>fuco</span> 
     </span>
     <span class='ocr_line' id='line_1_28' title="bbox 56 2093 704 2174; baseline -0.002 -28"><span class='ocrx_word' id='word_1_182' title='bbox 56 2094 177 2174; x_wconf 77' lang='lat' dir='ltr'>Denique</span> <span class='ocrx_word' id='word_1_183' title='bbox 189 2110 237 2144; x_wconf 93' lang='lat' dir='ltr'>nos</span> <span class='ocrx_word' id='word_1_184' title='bbox 249 2093 307 2160; x_wconf 90' lang='lat' dir='ltr'>ipsi.</span> <span class='ocrx_word' id='word_1_185' title='bbox 320 2093 396 2145; x_wconf 85' lang='lat' dir='ltr'>caecis</span> <span class='ocrx_word' id='word_1_186' title='bbox 408 2110 578 2174; x_wconf 83' lang='lat' dir='ltr'>quaecumquc</span> <span class='ocrx_word' id='word_1_187' title='bbox 590 2093 704 2146; x_wconf 89' lang='lat' dir='ltr'>tenebris</span> 
     </span>
     <span class='ocr_line' id='line_1_29' title="bbox 10 2161 699 2245; baseline 0 -30"><span class='ocrx_word' id='word_1_188' title='bbox 10 2210 16 2245; x_wconf 58' lang='grc' dir='ltr'>Ι</span> <span class='ocrx_word' id='word_1_189' title='bbox 57 2162 140 2231; x_wconf 81' lang='lat' dir='ltr'>&#39;Pangi</span> <span class='ocrx_word' id='word_1_190' title='bbox 141 2179 210 2228; x_wconf 89' lang='lat' dir='ltr'>mus,</span> <span class='ocrx_word' id='word_1_191' title='bbox 222 2161 294 2214; x_wconf 88' lang='lat' dir='ltr'>haud</span> <span class='ocrx_word' id='word_1_192' title='bbox 306 2162 361 2214; x_wconf 91' lang='lat' dir='ltr'>ullo</span> <span class='ocrx_word' id='word_1_193' title='bbox 373 2162 500 2214; x_wconf 86' lang='lat' dir='ltr'>sentimus</span> <span class='ocrx_word' id='word_1_194' title='bbox 512 2162 597 2214; x_wconf 91' lang='lat' dir='ltr'>tincta</span> <span class='ocrx_word' id='word_1_195' title='bbox 609 2162 699 2215; x_wconf 84' lang='lat' dir='ltr'>colore</span> 
     </span>
     <span class='ocr_line' id='line_1_30' title="bbox 91 2181 740 2299; baseline -0.003 -14"><span class='ocrx_word' id='word_1_196' title='bbox 91 2181 175 2298; x_wconf 66' lang='lat' dir='ltr'>ngid</span> <span class='ocrx_word' id='word_1_197' title='bbox 187 2231 313 2299; x_wconf 91' lang='lat' dir='ltr'>quoniam</span> <span class='ocrx_word' id='word_1_198' title='bbox 325 2232 400 2283; x_wconf 85' lang='lat' dir='ltr'>vinco</span> <span class='ocrx_word' id='word_1_199' title='bbox 412 2231 476 2296; x_wconf 88' lang='lat' dir='ltr'>fieri,</span> <span class='ocrx_word' id='word_1_200' title='bbox 488 2248 559 2282; x_wconf 92' lang='lat' dir='ltr'>nunc</span> <span class='ocrx_word' id='word_1_201' title='bbox 572 2249 626 2283; x_wconf 88' lang='lat' dir='ltr'>esse</span> <span class='ocrx_word' id='word_1_202' title='bbox 638 2231 740 2284; x_wconf 86' lang='lat' dir='ltr'>docebo.</span> 
     </span>
     <span class='ocr_line' id='line_1_31' title="bbox 58 2300 717 2362; baseline -0.005 -8"><span class='ocrx_word' id='word_1_203' title='bbox 58 2301 147 2354; x_wconf 89' lang='lat' dir='ltr'>Omnis</span> <span class='ocrx_word' id='word_1_204' title='bbox 160 2301 232 2352; x_wconf 88' lang='lat' dir='ltr'>enim</span> <span class='ocrx_word' id='word_1_205' title='bbox 244 2300 314 2351; x_wconf 90' lang='lat' dir='ltr'>color</span> <span class='ocrx_word' id='word_1_206' title='bbox 325 2301 430 2351; x_wconf 90' lang='lat' dir='ltr'>omnino</span> <span class='ocrx_word' id='word_1_207' title='bbox 441 2302 581 2352; x_wconf 89' lang='lat' dir='ltr'>mutatur</span> <span class='ocrx_word' id='word_1_208' title='bbox 574 2318 602 2351; x_wconf 90' lang='lat' dir='ltr'>m</span> <span class='ocrx_word' id='word_1_209' title='bbox 614 2317 717 2362; x_wconf 89' lang='lat' dir='ltr'>omnes;</span> 
     </span>
     <span class='ocr_line' id='line_1_32' title="bbox 58 2369 745 2436; baseline -0.007 -13"><span class='ocrx_word' id='word_1_210' title='bbox 58 2371 130 2435; x_wconf 84' lang='lat' dir='ltr'>Quod</span> <span class='ocrx_word' id='word_1_211' title='bbox 143 2371 231 2422; x_wconf 82' lang='lat' dir='ltr'>facere</span> <span class='ocrx_word' id='word_1_212' title='bbox 242 2369 315 2420; x_wconf 89' lang='lat' dir='ltr'>haud</span> <span class='ocrx_word' id='word_1_213' title='bbox 327 2369 381 2420; x_wconf 90' lang='lat' dir='ltr'>ullo</span> <span class='ocrx_word' id='word_1_214' title='bbox 395 2369 490 2420; x_wconf 84' lang='lat' dir='ltr'>debant</span> <span class='ocrx_word' id='word_1_215' title='bbox 501 2369 643 2436; x_wconf 88' lang='lat' dir='ltr'>primordia</span> <span class='ocrx_word' id='word_1_216' title='bbox 655 2374 745 2436; x_wconf 88' lang='lat' dir='ltr'>pacto:</span> 
     </span>
     <span class='ocr_line' id='line_1_33' title="bbox 59 2435 896 2504; baseline -0.008 -12"><span class='ocrx_word' id='word_1_217' title='bbox 59 2437 227 2492; x_wconf 86' lang='lat' dir='ltr'>Immntabile</span> <span class='ocrx_word' id='word_1_218' title='bbox 239 2439 310 2490; x_wconf 91' lang='lat' dir='ltr'>enim</span> <span class='ocrx_word' id='word_1_219' title='bbox 322 2437 447 2504; x_wconf 85' lang='lat' dir='ltr'>quiddam</span> <span class='ocrx_word' id='word_1_220' title='bbox 461 2455 582 2504; x_wconf 89' lang='lat' dir='ltr'>superare</span> <span class='ocrx_word' id='word_1_221' title='bbox 594 2453 697 2488; x_wconf 89' lang='lat' dir='ltr'>necesse</span> <span class='ocrx_word' id='word_1_222' title='bbox 710 2441 757 2500; x_wconf 88' lang='lat' dir='ltr'>est,</span> <span class='ocrx_word' id='word_1_223' title='bbox 846 2435 896 2487; x_wconf 84' lang='grc'>750</span> 
     </span>
     <span class='ocr_line' id='line_1_34' title="bbox 58 2506 728 2586; baseline -0.008 -26"><span class='ocrx_word' id='word_1_224' title='bbox 58 2509 81 2560; x_wconf 86' lang='lat' dir='ltr'>N</span> <span class='ocrx_word' id='word_1_225' title='bbox 82 2527 95 2562; x_wconf 88' lang='lat' dir='ltr'>e</span> <span class='ocrx_word' id='word_1_226' title='bbox 106 2527 147 2562; x_wconf 90' lang='lat' dir='ltr'>res</span> <span class='ocrx_word' id='word_1_227' title='bbox 160 2509 195 2560; x_wconf 86' lang='lat' dir='ltr'>ad</span> <span class='ocrx_word' id='word_1_228' title='bbox 208 2507 324 2559; x_wconf 90' lang='lat' dir='ltr'>nihilum</span> <span class='ocrx_word' id='word_1_229' title='bbox 336 2506 489 2586; x_wconf 85' lang='lat' dir='ltr'>redigantur</span> <span class='ocrx_word' id='word_1_230' title='bbox 500 2506 620 2557; x_wconf 88' lang='lat' dir='ltr'>funditus</span> <span class='ocrx_word' id='word_1_231' title='bbox 632 2520 728 2556; x_wconf 88' lang='lat' dir='ltr'>omnes.</span> 
     </span>
     <span class='ocr_line' id='line_1_35' title="bbox 59 2572 716 2648; baseline -0.012 -18"><span class='ocrx_word' id='word_1_232' title='bbox 59 2578 123 2630; x_wconf 81' lang='lat' dir='ltr'>llam</span> <span class='ocrx_word' id='word_1_233' title='bbox 136 2578 324 2648; x_wconf 86' lang='lat' dir='ltr'>quodcumque</span> <span class='ocrx_word' id='word_1_234' title='bbox 336 2576 389 2626; x_wconf 90' lang='lat' dir='ltr'>suis</span> <span class='ocrx_word' id='word_1_235' title='bbox 401 2580 535 2626; x_wconf 89' lang='lat' dir='ltr'>mutatum</span> <span class='ocrx_word' id='word_1_236' title='bbox 547 2573 641 2624; x_wconf 87' lang='lat' dir='ltr'>linibus</span> <span class='ocrx_word' id='word_1_237' title='bbox 653 2572 716 2638; x_wconf 83' lang='lat' dir='ltr'>exit,</span> 
     </span>
     <span class='ocr_line' id='line_1_36' title="bbox 60 2642 704 2710; baseline -0.013 -9"><span class='ocrx_word' id='word_1_238' title='bbox 60 2646 187 2701; x_wconf 83' lang='lat' dir='ltr'>Continuo</span> <span class='ocrx_word' id='word_1_239' title='bbox 199 2647 250 2698; x_wconf 92' lang='lat' dir='ltr'>hoc</span> <span class='ocrx_word' id='word_1_240' title='bbox 262 2661 332 2696; x_wconf 88' lang='lat' dir='ltr'>mors</span> <span class='ocrx_word' id='word_1_241' title='bbox 344 2650 384 2696; x_wconf 88' lang='lat' dir='ltr'>est</span> <span class='ocrx_word' id='word_1_242' title='bbox 395 2643 474 2710; x_wconf 85' lang='lat' dir='ltr'>illius,</span> <span class='ocrx_word' id='word_1_243' title='bbox 488 2643 558 2710; x_wconf 93' lang='lat' dir='ltr'>quod</span> <span class='ocrx_word' id='word_1_244' title='bbox 569 2642 680 2694; x_wconf 79' lang='lat' dir='ltr'>fuitt</span> <span class='ocrx_word' id='word_1_245' title='bbox 633 2648 704 2694; x_wconf 87' lang='lat' dir='ltr'>ante</span> 
     </span>
    </p>
   </div>
   <div class='ocr_carea' id='block_1_5' title="bbox 0 0 974 2964">
    <p class='ocr_par' dir='ltr' id='par_1_12' title="bbox 0 0 974 2964">
     <span class='ocr_line' id='line_1_37' title="bbox 0 0 974 2964; baseline 0 0"><span class='ocrx_word' id='word_1_246' title='bbox 0 0 974 2964; x_wconf 95' lang='lat' dir='ltr'> </span> 
     </span>
    </p>
   </div>
  </div>
 </body>
</html>
