1928 2964
87 149 138 201 120
400 146 429 202 Τ.
447 148 617 201 nucitum

120 250 154 302 In
166 248 258 318 pelago
270 249 366 316 nautis,
379 267 412 301 ex
424 249 503 300 undis
516 253 596 315 ortus,
608 247 636 298 in
648 247 729 299 undis

85 317 129 370 Sol
140 318 171 371 fit
184 320 225 370 uti
236 319 358 371 videatur
370 319 440 370 obire
452 323 479 370 et
491 317 601 369 condere
613 316 704 368 lumen
711 336 718 380 ;

85 388 136 451 Qui
155 391 189 456 pe
200 387 246 439 ubi
257 389 296 439 nil
308 387 388 454 aliud,
400 388 451 439 nisi
463 389 558 454 aquam
571 385 719 452 coelumque
731 390 845 437 tuentur
855 403 863 448 ;

64 502 67 507 ,
83 455 124 509 Ne
136 406 230 509 ieviter
241 457 330 509 credes
343 456 495 509 labefactari
508 456 625 522 undique
638 471 736 506 sensus.

118 527 155 577 At
166 527 245 577 maris
257 526 355 592 ignaris
367 526 396 576 in
408 532 486 593 portu
498 524 592 576 claude
604 523 729 576 videntur

83 592 110 646 N
109 595 204 661 avigia,
217 594 341 662 aplustris
353 595 451 653 fractis,
464 593 577 646 obnitier
588 593 668 644 undis
675 612 683 657 ;

82 663 108 714 N
109 681 152 716 am
164 681 335 732 quaecumque
347 681 426 730 supra
437 681 522 716 rorem
534 663 595 715 salis
608 662 680 714 edita
692 678 752 730 pers
765 667 806 714 est

83 731 229 799 Remorum,
242 739 373 800 recteest,
386 740 413 785 et
424 740 497 786 recta
509 749 620 801 superne
633 731 767 799 guberne:
877 733 928 782 440

83 800 147 864 Quae
156 801 274 854 demersa
285 802 385 869 liquore
397 803 502 869 obeunt,
514 803 627 854 refracta
639 801 764 853 videntur

82 869 177 922 Omnia
189 872 313 938 converti,
326 889 480 939 sursumque
493 873 587 941 supina
598 870 703 936 reverti,

81 937 117 990 Et
128 939 225 991 reflexa
236 957 317 1008 prope
328 941 357 991 in
370 958 470 992 summo
482 941 587 993 fluitare
599 940 705 1007 liquore.

116 1009 237 1077 Raraque
249 1026 295 1076 per
307 1010 402 1061 coelum
415 1016 473 1061 tum
486 1010 559 1062 venti
571 1008 664 1060 nubila
676 1011 784 1076 portant

80 1075 206 1146 Tempore
217 1085 353 1144 nocturno,
361 1096 443 1146 quum
456 1079 593 1147 splendida
606 1079 681 1144 signa
693 1078 819 1130 videntur

79 1145 174 1199 Labier
184 1147 322 1200 adversum
334 1148 442 1214 nimbos,
455 1155 535 1217 atque
546 1148 585 1199 ire
597 1164 709 1215 superne

79 1215 170 1284 Longa
181 1217 261 1269 alium
272 1218 301 1268 in
314 1224 423 1286 partem,
436 1235 516 1285 quam
528 1235 579 1286 quo
591 1217 692 1268 ratione
704 1216 835 1269 feruntur.

113 1285 158 1353 At,
168 1286 191 1338 si
202 1286 270 1338 forte
283 1286 357 1338 oculo
369 1304 463 1338 manus
475 1288 522 1340 uni
535 1287 648 1352 subdita,
657 1286 748 1338 subter
794 1335 797 1342 .

78 1351 177 1407 Pressit
188 1373 256 1423 eum,
269 1356 382 1424 quodam
394 1373 472 1408 sensu
484 1356 522 1424 fit,
534 1357 576 1408 uti
588 1357 730 1408 videantur

79 1422 180 1491 Omnia,
193 1441 251 1492 quae
263 1425 370 1491 tuimur,
382 1425 441 1479 fieri
452 1433 510 1478 tum
522 1426 585 1478 bina
598 1425 695 1478 tuendo
702 1443 710 1488 ;
870 1427 922 1477 450

76 1490 146 1544 Bina
157 1493 324 1544 lucernarum
335 1493 455 1546 florentia
466 1495 568 1547 lumina
579 1495 698 1561 flammis,

76 1558 197 1627 Binaque
208 1579 256 1628 per
267 1566 336 1613 totas
349 1563 417 1614 aedes
430 1565 564 1631 geminare
576 1563 702 1632 supellex,

75 1627 111 1680 Et
123 1629 242 1696 duplices
253 1629 390 1682 hominum
402 1632 489 1698 facies,
503 1640 530 1685 et
542 1650 649 1700 corpora
660 1633 730 1685 bina
767 1653 769 1656 ·

110 1697 238 1766 Denique,
246 1715 328 1766 quum
340 1702 415 1752 suavi
427 1703 548 1755 devinxit
560 1701 676 1753 membra
689 1716 780 1768 sopore

75 1764 193 1834 Somnus,
205 1769 272 1820 etin
285 1785 387 1821 summa
399 1788 491 1839 corpus
499 1773 571 1838 jacet
583 1787 659 1822 omne
672 1771 760 1838 quiete
767 1790 776 1835 ;

75 1834 142 1886 Tum
154 1837 262 1905 vigilare
274 1845 364 1891 tamen
376 1840 449 1892 nobis
462 1847 489 1892 et
500 1839 617 1892 membra
629 1857 733 1892 movere

73 1902 170 1958 Nostra
183 1907 313 1974 videntur,
326 1915 353 1960 et
364 1910 393 1961 in
405 1911 488 1962 noctis
501 1910 613 1976 caligine
625 1926 695 1961 caeca

74 1973 183 2027 Cernere
195 1993 328 2028 censemus
341 1978 420 2029 solem
433 1979 575 2047 lumenque
588 1979 721 2045 diurnum,

74 2042 251 2113 conclusoque
264 2046 319 2097 loco
332 2048 435 2112 coelum,
446 2066 525 2114 mare,
537 2048 655 2115 flumina,
668 2053 771 2100 montes

73 2111 180 2166 Mutare
192 2123 219 2166 et
231 2132 335 2181 campos
347 2115 457 2183 pedibus
470 2118 580 2169 transire
593 2118 719 2184 videmur,
867 2121 920 2172 460

71 2181 107 2234 Et
120 2185 220 2236 sonitus
232 2184 330 2249 audire,
344 2202 432 2237 severa
445 2187 549 2238 silentia
561 2187 645 2239 noctis

72 2251 196 2321 Undique
208 2271 290 2323 quum
303 2260 431 2321 constent,
440 2262 467 2307 et
480 2257 588 2308 reddere
601 2257 673 2307 dicta
685 2260 811 2310 tacentes.

106 2323 198 2375 Cetera
210 2323 243 2374 de'
255 2340 349 2390 genere
361 2323 410 2375 hoc
421 2324 540 2376 mirande
551 2325 638 2377 multa
649 2325 777 2392 videmus,

71 2389 135 2453 Quae
147 2393 244 2444 violare
256 2392 335 2444 fidem
347 2392 422 2460 qussi
434 2394 552 2445 sensibus
564 2395 652 2446 omnio
664 2400 801 2461 quierunt:

69 2458 96 2510 N
96 2461 269 2528 equidquam3
288 2463 413 2529 quoniam
422 2480 481 2529 pars
494 2463 587 2514 horum
599 2464 715 2515 maxima
727 2464 799 2516 fallit

69 2527 180 2595 Propter
192 2530 314 2597 opinatus
326 2531 415 2596 animi,
428 2548 492 2598 quos
505 2531 625 2582 addimus
638 2532 695 2599 ipsi,

68 2593 193 2648 Provisis
206 2604 237 2649 ut
249 2600 310 2666 sint,
324 2617 382 2668 quae
393 2617 447 2652 non
460 2604 521 2651 sunt
534 2600 646 2651 sensibu’
659 2601 722 2653 visa.

58 2663 132 2717 Nem
143 2665 215 2718 nibil
227 2668 325 2737 aegrius
337 2676 385 2739 est,
397 2686 477 2739 quam
488 2685 528 2720 res
541 2685 672 2721 secernere
684 2675 790 2737 apertas
