1928 2964
91 149 143 201 120
405 147 434 202 r.
452 147 622 202 nuceum

126 249 159 301 In
170 247 263 318 pelego
274 249 371 316 nentis,
384 266 418 301 ex
429 249 508 300 undis
520 253 601 315 ortus,
612 247 642 299 in
653 247 734 299 undis

89 317 133 370 Sol
144 319 176 371 fit
189 319 230 370 uti
242 319 363 370 videntur
374 318 445 370 obire
457 323 484 370 et
496 317 607 369 condere
618 317 723 380 lumen;

90 385 141 450 Qui
160 405 193 456 pe
204 386 251 438 ubi
262 388 301 439 nil
312 387 392 453 aliud,
404 388 456 439 nisi
468 389 563 455 siquem
576 386 723 452 coelumque
735 390 851 438 tuentur

69 502 71 507 .
88 455 129 510 Ne
141 405 235 509 feviter
246 457 335 508 credes
348 456 500 508 labefactari
512 456 630 522 undique
642 471 741 508 sensus.

123 527 159 577 At
171 526 250 577 meris
262 526 360 592 ignaris
372 525 401 576 in
413 531 491 593 portu
502 525 597 576 claude
608 523 734 577 ridentur

87 591 208 661 Navigia,
221 594 346 661 aplustris
358 595 456 653 fractis,
469 593 581 646 obnitier
593 592 672 644 undis
679 611 687 657 3

87 661 113 713 N
113 680 156 715 em
169 680 339 730 quaeeumque
352 681 431 730 supra
442 681 527 716 rorem
539 662 600 714 salis
612 662 684 714 edite
695 678 757 730 pers
771 667 812 715 est

88 730 234 797 Remorum,
246 738 319 783 recta
331 740 378 800 est,
391 740 418 785 et
429 739 502 785 recte
514 749 625 800 superne
636 731 773 798 guberne:

87 800 152 864 Quae
161 799 278 853 demersa
290 801 390 868 liquore
402 803 507 869 obeunt,
519 803 632 854 refracta
643 800 770 852 videntur

87 868 182 921 Omnia
193 871 318 937 converti,
331 888 484 940 sursumque
497 872 592 940 supine
602 869 707 935 reverti,

85 937 122 990 Et
132 938 230 990 reflexu
241 956 321 1008 prope
333 941 362 991 in
375 959 475 992 summo
487 941 591 993 fluitare
603 940 710 1007 liquore.

121 1008 242 1076 Ruraque
253 1026 300 1076 per
312 1009 408 1061 coelum
420 1015 478 1061 tum
491 1010 564 1063 venti
576 1008 668 1060 nubila
680 1013 791 1076 portent

85 1074 210 1145 Tempore
222 1084 358 1143 nocturno,
366 1097 448 1146 quum
461 1079 598 1147 splendide
610 1078 686 1144 signe
698 1078 827 1130 videntur

83 1144 178 1198 Lebier
189 1148 327 1199 adversum
339 1147 447 1214 nimbos,
460 1154 539 1216 atque
551 1149 589 1199 ire
602 1164 714 1214 superne

84 1214 175 1283 Longe
186 1216 266 1269 alium
277 1217 306 1268 in
319 1223 428 1285 partem,
441 1234 520 1284 quem
533 1235 584 1286 quo
596 1217 697 1269 ratione
709 1216 842 1270 feruntur.

118 1286 163 1353 At,
173 1286 196 1338 si
207 1286 275 1338 forte
287 1286 362 1338 oculo
373 1303 467 1338 manus
480 1287 527 1338 uni
539 1287 652 1351 subdite,
662 1285 753 1338 subter
800 1336 803 1343 ,

83 1351 182 1406 Pressit
193 1371 261 1422 eum,
274 1355 387 1424 quodem
399 1373 477 1408 sensu
488 1356 527 1423 fit,
540 1356 581 1408 uti
593 1356 735 1408 videantur

83 1422 184 1490 Omnis,
197 1441 256 1492 quae
268 1424 374 1490 tuimur,
386 1425 445 1478 fieri
456 1432 515 1477 tum
526 1426 590 1477 bine
601 1424 715 1488 tuend03

81 1490 150 1544 Bina
161 1492 329 1545 lucernarum
339 1494 459 1546 florentie
471 1495 573 1546 lumina
583 1494 703 1560 flammis,

80 1558 202 1627 Bineque
213 1579 260 1629 per
272 1567 341 1614 tetes
354 1563 422 1615 aedes
435 1565 568 1631 geminare
581 1563 707 1632 supellex,

80 1627 116 1680 Et
128 1630 246 1697 duplices
258 1630 395 1683 hominum
406 1633 494 1699 facies,
508 1639 534 1685 et
547 1650 653 1701 corpore
665 1633 736 1685 bine

115 1697 243 1767 Denique,
251 1717 332 1768 quum
345 1703 420 1753 suevi
432 1702 553 1754 devinxit
564 1701 681 1753 membra
694 1718 786 1769 sopore

79 1764 198 1834 Somnus,
210 1774 238 1820 et
248 1769 277 1820 in
290 1786 392 1822 summu
403 1789 495 1841 corpus
504 1773 576 1838 jacet
588 1788 664 1823 omne
676 1772 766 1838 quiete
773 1790 781 1838 ;

79 1834 146 1888 Tum
158 1837 267 1905 vigilare
279 1845 369 1890 tamen
381 1840 454 1892 nobis
466 1848 494 1892 et
505 1841 622 1893 membru
633 1857 738 1893 movere

78 1902 175 1958 Nostra
188 1908 318 1975 videntur,
331 1910 398 1960 etin
410 1911 493 1962 noctis
506 1910 618 1977 caligine
630 1926 699 1961 caeee

79 1973 187 2028 Cernere
199 1994 333 2029 censemus
345 1979 425 2030 solem
438 1980 580 2046 lumenque
593 1980 726 2045 diurnum,

79 2043 256 2113 Oonelusoque
269 2047 324 2097 loco
336 2048 439 2113 coelum,
452 2066 530 2114 mere,
542 2048 660 2114 flumine,
672 2053 776 2100 montes

78 2112 184 2167 Mutare
196 2122 223 2167 et
236 2132 340 2182 campos
352 2116 462 2184 pedibus
474 2118 585 2170 transire
597 2118 724 2184 videmur,

76 2182 112 2235 Et
125 2186 224 2237 sonitus
237 2185 335 2250 audire,
349 2203 437 2238 severe
450 2187 554 2238 silentia
566 2188 650 2239 noctis

77 2252 201 2322 Undique
213 2272 295 2323 quum
308 2262 437 2321 constent,
445 2263 472 2308 et
485 2257 593 2308 reddere
606 2257 678 2307 dicte
690 2261 817 2311 tacentes.

111 2324 203 2376 Cetera
215 2324 248 2376 de
259 2342 354 2392 genere
366 2325 415 2377 hoe
426 2326 545 2378 mirande
556 2325 643 2377 multe
655 2325 782 2392 videmus,

76 2390 140 2453 Quae
152 2394 249 2445 violare
261 2394 339 2446 fidem
352 2394 427 2462 quasi
439 2395 557 2447 sensibus
569 2396 657 2446 omnia
669 2401 807 2461 quaerunt:

74 2459 260 2528 Nequidquam
267 2481 274 2526 3
293 2465 417 2531 quonium
427 2482 486 2532 purs
499 2465 592 2515 horum
604 2464 720 2515 maxima
732 2464 805 2517 fallit

74 2528 185 2597 Propter
196 2531 319 2598 opinatus
331 2533 420 2599 enimi,
433 2550 497 2600 quos
509 2533 630 2584 addimus
642 2533 701 2600 ipsi,

73 2595 125 2648 Pro
137 2598 199 2649 visis
211 2606 243 2651 ut
254 2601 315 2666 sint,
329 2618 387 2669 quoe
399 2619 452 2653 non
465 2608 526 2653 suut
539 2602 652 2653 sensibu'
664 2602 727 2654 vise.

64 2663 138 2720 Nam
148 2665 221 2720 nihil
231 2669 329 2740 aegn'us
341 2676 388 2742 est,
401 2687 482 2742 quem
493 2687 534 2723 rer
546 2687 678 2723 secernere
690 2676 795 2738 apertus

10 2896 59 2932 h.
