1928 2964
144 155 179 208 60
456 155 485 210 Τ.
503 155 670 209 LUCRETII

144 255 235 308 Omnis
248 256 325 324 enim,
339 273 429 308 sensus
440 273 499 323 quoe
511 257 610 308 mulcet
621 273 734 325 cumque
745 258 894 328 videntum,

144 323 225 378 Haud
238 325 294 378 sine
305 325 455 394 principiali
468 325 555 392 aliquo
568 326 662 377 laevore
674 336 762 378 creata
774 333 828 381 est:

143 393 181 446 At
194 400 292 461 contra,
306 411 475 462 quacumque
487 394 597 445 molesta
608 400 688 462 atque
700 412 792 462 aspera
803 403 917 466 constat,

143 461 170 515 N
170 479 203 514 on
215 463 305 532 aliquo
318 464 373 515 sine
385 463 501 515 materiae
515 462 633 524 squalore
644 471 747 531 reperta
759 471 806 517 est.

179 530 248 584 Sunt
260 533 348 599 etiam,
361 534 485 600 quaejam
497 548 545 582 nec
558 532 634 584 laevia
642 537 703 599 jure
715 539 846 601 putantur

144 598 214 667 Esse,
227 619 312 670 neque
324 601 429 654 omnino
441 600 516 652 flexis
527 601 695 653 mucronibus
707 619 788 655 unca:

144 668 196 721 Sed
207 671 291 738 magis
303 670 414 738 angellis
426 670 536 738 paulum
547 670 733 737 prestantibus,
745 678 773 724 et
785 688 844 739 quae

144 737 262 791 Titillare
273 740 357 807 magis
370 756 467 804 sensus,
480 755 559 806 quam
571 738 664 790 laedere
675 740 788 807 possint:

144 805 250 860 Foecula
258 809 316 876 jam
328 825 379 876 quo
391 808 423 859 de
435 825 530 874 genere
541 814 581 859 est
593 807 724 876 inulaeque
732 819 748 841 ¹¹²
761 826 871 878 sapores.

178 875 299 944 Denique
306 879 364 945 jam
376 877 473 929 calidos
485 877 559 943 ignes
571 875 736 944 gelidamque
748 879 872 946 pruinam

143 944 271 997 Dissimili
283 946 394 997 dentata
405 945 481 997 modo
493 961 667 1012 compungere
679 962 768 998 sensus

145 1013 269 1082 Corporis,
282 1015 379 1066 indicio
390 1014 465 1066 nobis
477 1020 517 1065 est
529 1020 617 1066 tactus
628 1021 745 1081 uterque.

143 1082 240 1135 Tactus
252 1083 329 1151 enim,
341 1088 436 1150 tactus,
448 1083 514 1151 proh
526 1081 618 1136 dirim
630 1083 740 1135 numina
752 1088 856 1141 sancta!

144 1151 262 1233 Corporis
268 1159 314 1205 est
325 1169 423 1218 sensus,
435 1152 477 1204 vel
490 1168 574 1218 quum
584 1169 625 1203 res
637 1158 728 1204 extera
739 1170 794 1206 sese

144 1220 273 1289 Insmuat,
285 1221 328 1275 vel
341 1238 422 1290 quum
434 1220 516 1286 laedit,
529 1236 586 1287 quae
597 1220 627 1271 in
638 1237 743 1289 corpore
755 1228 819 1277 nata
831 1228 878 1290 est,

143 1291 199 1343 Aut
207 1293 286 1359 juvat
298 1291 433 1359 egrediens
445 1289 573 1356 genitales
584 1306 632 1357 per
644 1289 752 1343 Veneris
763 1309 819 1346 res:

143 1359 206 1425 Aut,
218 1377 252 1412 ex
264 1360 363 1412 offensu
376 1375 457 1427 quum
469 1358 579 1412 turbant
590 1375 695 1426 corpore
706 1359 802 1428 inipso

143 1427 256 1494 Semina,
268 1428 435 1481 confundunt
447 1428 517 1480 inter
528 1445 556 1480 se
568 1428 670 1480 concita
682 1445 801 1483 sensum:

143 1496 188 1563 Ut,
201 1497 223 1548 si
233 1498 301 1549 forte
312 1515 394 1549 manu
405 1497 591 1565 quamvisjam
603 1497 715 1564 corporis
726 1497 783 1565 ipse
930 1501 962 1550 44

143 1565 210 1618 Tute
222 1565 272 1617 tibi
284 1573 386 1634 partem
397 1566 483 1634 ferias,
495 1573 575 1634 atque
587 1566 728 1633 experiare.
944 1570 954 1586 “

143 1635 307 1703 Quapropter
318 1636 396 1705 longe
407 1636 503 1689 formas
515 1636 612 1688 distare
624 1651 727 1686 necesse
739 1642 779 1689 est

142 1701 289 1772 Principiis,
301 1706 386 1759 varios
398 1723 457 1774 quae
468 1705 569 1774 possint
581 1704 657 1756 edere
669 1720 765 1757 sensus,

176 1772 304 1842 Denique,
317 1792 375 1843 quae
386 1775 461 1827 nobis
473 1776 568 1826 durata
578 1790 609 1826 ac
621 1773 703 1840 spissa
715 1773 847 1840 videntur,

142 1839 208 1894 Haec
219 1844 303 1910 magis
314 1843 428 1896 hamatis
440 1845 510 1896 inter
521 1860 575 1895 sese
587 1859 641 1895 esse
653 1859 756 1896 necesse
768 1849 815 1910 est,

142 1909 178 1963 Et
190 1912 264 1980 quasi
275 1914 382 1966 ramosis
394 1912 447 1966 alte
459 1918 595 1980 compacta
606 1911 698 1964 teneri

332 2030 373 2083 De
384 2029 528 2096 adsumme,
534 2028 617 2100 ferro,
629 2028 700 2082 silice
711 2036 734 2082 et
745 2045 800 2083 oere.

143 2112 176 2164 In
188 2130 240 2181 quo
248 2115 306 2182 jam
317 2131 412 2182 genere
423 2114 452 2165 in
464 2114 555 2180 primis
567 2113 738 2166 adamant-ina
750 2130 815 2166 saxa

143 2181 232 2235 Prima
243 2184 299 2236 acie
312 2189 440 2248 constant,
452 2183 520 2234 ictus
533 2189 697 2235 contemnere
710 2188 792 2249 sueta,

142 2251 178 2304 Et
189 2253 272 2305 validi
283 2253 375 2318 silices,
387 2269 419 2304 ac
431 2252 491 2303 duri
502 2251 594 2304 robora
605 2252 675 2318 ferri,

142 2320 264 2390 AEraque
277 2339 336 2390 quae
348 2321 468 2373 claustris
480 2321 608 2372 restantia
616 2320 800 2373 vociferantur.

178 2391 231 2443 Illa
243 2391 350 2458 quidem
362 2391 458 2442 debent
470 2407 503 2441 ex
515 2389 624 2442 laevibus
636 2396 716 2510 atpue
728 2387 849 2440 rotundis

142 2457 206 2512 Esse
217 2461 309 2529 magis,
320 2460 402 2512 fluido
414 2476 473 2527 qua
485 2475 589 2526 corpore
601 2459 668 2527 liqui
687 2470 722 2510 a¹¹
734 2463 859 2511 constant
870 2477 878 2523 ;

143 2528 182 2650 {IN
183 2546 278 2597 amque
282 2529 419 2598 papaveris
424 2528 534 2580 haustus
542 2528 605 2580 item
611 2527 740 2580 estfacilis
746 2526 817 2594 quod
824 2544 885 2595 aqu‘

168 2615 198 2650 ec
208 2599 358 2651 retinentur
370 2599 441 2651 enim
452 2597 522 2650 inter
533 2614 561 2649 se
573 2595 762 2665 glomeramina
773 2612 879 2665 quaequt

192 2689 207 2708 ⁰
221 2684 330 2736 stringam
345 2684 394 2726 Me.
643 2683 654 2703 ¹¹
667 2680 866 2732 liquido-fluvida
