1928 2964
86 141 137 192 190
395 135 424 189 Τ.
442 135 609 191 nocuum

84 237 123 290 Ut
134 237 209 291 nulle
220 242 305 306 posset
316 236 418 290 ratione
430 239 559 307 explerier
570 255 707 307 unquem3
811 293 814 298 ,

84 305 194 373 Partim,
206 306 276 375 quod
288 311 356 358 tetro
368 308 444 374 quasi
456 323 628 374 conspurcare
640 325 732 376 sopore

85 375 181 428 Omnia
193 375 322 441 cernebat,
334 391 507 443 quaecumque
518 392 575 427 rece
608 382 651 428 rat
663 377 743 430 intus.

84 443 212 496 Veridicis
224 444 307 511 igitur
318 444 442 512 purgavit
455 449 560 512 pectore
592 444 659 510 ctis,
721 490 723 494 .

83 511 120 565 Et
132 513 211 565 finem
223 513 317 564 statuit
329 512 465 580 cupedinis
477 518 556 580 atque
568 512 670 565 timoris
681 531 689 577 3

83 579 264 649 Exposuitque
275 580 374 632 bonum
386 598 522 647 summum,
535 597 586 648 quo
597 582 731 634 tendimus
744 598 844 650 omncs,

83 648 157 709 Quid
168 650 242 715 foret,
255 655 335 716 etque
347 649 418 701 viem
430 649 572 701 constravit
585 650 691 702 tramite
704 667 795 719 parvo,

83 717 141 781 Qus
152 734 284 785 possemus
296 717 331 769 nd
343 717 370 768 id
381 722 453 769 recto
465 718 619 769 contendere
632 735 726 783 cursu3

82 785 184 849 Quidve
196 786 260 838 meli
271 786 339 838 foret
350 786 380 838 in
391 786 468 838 rebus
480 785 629 839 mortalibu’
641 788 748 855 passim,

82 852 158 917 Quod
169 854 263 907 flueret
274 860 376 907 naturae
388 854 415 906 ri
427 854 550 922 varieque
562 855 661 907 voleret
889 857 919 908 30

81 920 135 975 Seu
146 940 215 990 essu,
228 941 274 976 seu
285 923 319 989 vi,
332 923 402 990 quod
415 923 451 975 sic
462 931 559 975 nature
570 929 686 992 parasset
696 942 704 988 ;

81 988 117 1043 Et
129 991 224 1059 quibus
237 1009 251 1044 e
263 991 344 1060 portis
356 992 456 1043 occurri
468 992 563 1059 cuique
575 991 691 1044 deceret:

81 1057 117 1111 Et
128 1078 210 1127 genus
222 1061 368 1112 humanum
379 1060 477 1112 frustra
489 1060 643 1129 plerumque
655 1059 777 1129 probavit

82 1126 192 1182 Volvere
204 1146 324 1181 curarum
336 1129 423 1180 tristes
435 1128 463 1179 in
474 1134 578 1196 pectore
589 1129 693 1181 fluctus.

115 1196 142 1249 N
142 1215 185 1249 am
197 1198 280 1250 veluti
291 1197 366 1266 pueri
377 1197 518 1277 trepident,
530 1203 610 1264 etque
621 1197 709 1249 omnin
721 1198 798 1250 caecis

81 1265 115 1317 In
127 1266 240 1318 tenebris
252 1272 390 1329 metuunt;
409 1283 445 1317 src
457 1283 504 1317 nos
516 1266 545 1316 in
556 1266 616 1317 luce
628 1266 751 1318 timemus

81 1332 226 1400 Interdum,
238 1335 321 1387 nihilo
333 1351 392 1402 ques
404 1340 466 1386 sunt
478 1334 619 1386 metuende
629 1334 723 1401 magis,
735 1350 818 1402 quem

81 1402 145 1466 Quae
157 1404 232 1471 pueri
243 1404 272 1455 in
284 1403 397 1456 tenebris
409 1403 538 1471 pavitant,
550 1402 709 1470 fingrmtque
720 1402 823 1456 futuru

80 1468 161 1524 Hunc
174 1473 256 1539 igitur
267 1478 391 1524 terrorem
402 1472 485 1524 enimi
496 1470 667 1540 tenebrasque
678 1487 783 1525 necesso
795 1477 837 1524 est

79 1537 106 1591 N
107 1557 140 1592 on
151 1541 221 1592 redii
233 1541 300 1606 solis,
313 1557 360 1592 nec
372 1541 460 1592 lucido
472 1539 526 1592 teln
537 1539 591 1591 diei
885 1543 918 1592 lo

79 1606 238 1674 Discutient,
251 1609 296 1660 sed
308 1615 410 1660 neturae
423 1609 528 1676 species,
539 1607 670 1675 ratioque:
840 1645 843 1650 -

79 1676 138 1740 Quo
149 1677 232 1743 magis
244 1676 302 1727 ince
322 1683 380 1728 tum
392 1694 499 1744 pergem
511 1672 646 1745 pertexere
657 1676 744 1730 dictis

113 1745 149 1796 Ilt
161 1745 284 1813 quonism
296 1694 380 1811 docui,
392 1746 485 1796 mundi
496 1745 618 1797 mortulie
628 1745 728 1813 templa

78 1809 148 1880 Esse,
157 1822 183 1866 et
195 1814 285 1866 nativo
297 1814 436 1866 consistere
448 1831 553 1881 corpore
565 1814 660 1866 coelum
667 1832 675 1877 ;

78 1881 114 1934 Et
127 1900 296 1950 quoecumque
308 1883 337 1935 in
348 1900 378 1935 eo
388 1882 465 1948 fiunt,
478 1882 586 1950 fierique
597 1899 701 1935 neccsse
712 1888 761 1949 est,

79 1950 207 2021 Pleraque
219 1952 338 2015 dissolvi;
357 1968 416 2019 quae
427 1957 535 2017 restant,
548 1951 659 2018 percipe,
672 1968 761 2019 porro:
863 1992 870 2009 .

79 2020 295 2089 Quandoquidem
308 2021 385 2072 semel
397 2021 527 2087 insignem
539 2020 709 2071 conscendere
721 2036 829 2072 currum

79 2088 216 2141 Vectorem
228 2089 369 2141 exhortent
381 2089 529 2156 plaudendo
535 2101 552 2153 ⁸,
565 2096 596 2140 ut
608 2086 685 2140 obvio
696 2105 777 2141 cursu

79 2157 144 2222 Ques
156 2159 262 2223 fuerint,
275 2158 329 2208 sint
341 2157 444 2224 placato
457 2173 580 2208 converse
592 2157 687 2209 furore.

113 2229 211 2293 Cetera,
225 2244 283 2293 ques
295 2225 351 2277 fieri
363 2225 478 2276 interris
491 2225 606 2292 coeloque
618 2231 728 2276 tuentur
884 2229 917 2278 50

77 2291 210 2361 Mortales,
223 2295 325 2363 pavidis
339 2311 421 2361 quum
433 2293 548 2360 pendent
560 2292 687 2345 mentibu’
701 2310 778 2361 saepe,

77 2363 204 2417 Efficiunt
216 2365 315 2416 animos
327 2363 439 2414 humiles
451 2362 589 2413 formidine
599 2361 698 2427 divirm,

76 2432 267 2501 Depressosque
279 2439 402 2500 premunt
414 2431 447 2482 ed
460 2437 571 2492 terrnm;
589 2437 727 2498 propterea
738 2431 812 2499 quod

77 2500 231 2568 Ignorantia
243 2518 381 2552 causarum
393 2500 508 2552 conferre
521 2499 628 2549 deorum

76 2569 152 2636 Cogit
164 2569 198 2622 ed
210 2570 349 2636 imperium
360 2586 409 2634 res,
421 2574 447 2618 et
460 2567 599 2619 concedere
610 2584 734 2634 regnum:

275 2668 285 2688 ¹
298 2663 412 2702 Ventorum
420 2663 515 2701 exultent
524 2662 644 2711 plecentur3
659 2661 706 2700 ΜΒ.

401 2910 487 2928 -
