1964 2970
334 156 442 209 LIBER
460 154 629 220 QUARTUS.
842 158 892 212 14³

56 258 126 312 Inde
137 259 227 311 Venus
238 258 311 311 varia
323 258 444 327 producit
456 261 524 310 sorte
536 256 642 323 figuras,

56 328 240 396 Majorumque
251 327 331 379 refert
343 327 440 392 vultus,
453 342 587 392 vocesque,
600 339 754 390 comasqu03
826 327 893 378 1220

57 395 275 464 Quandoquidem
286 395 370 447 nihilo
381 396 469 446 minus
481 395 538 446 haec
551 395 583 444 de
595 393 693 444 semine
706 398 777 444 certo

56 464 147 532 Fiunt,
160 481 239 532 quam
251 465 331 516 facies
342 469 369 519 et
381 481 487 531 corpore
499 461 666 529 membraque
677 459 758 514 nobis.

56 533 94 584 Et
105 533 231 585 muliebre
243 528 327 584 oritu'r
338 532 423 600 patrio
436 532 468 584 de
480 532 577 584 semine
590 531 702 596 saeclum,

56 601 230 669 Maternoque
241 619 325 654 mares
337 601 468 653 exsistunt
481 617 585 667 corpore
597 600 669 651 creti.

57 669 165 738 Semper
176 670 247 722 enim
259 675 350 738 partus
362 669 462 736 duplici
474 669 506 721 de
519 669 616 720 semine
628 673 744 720 constat:

56 738 153 805 Atque,
165 739 220 790 utri
232 738 316 790 simile
328 745 368 790 est
379 739 463 804 magis
475 738 511 804 id,
524 737 704 804 quodcumque
717 743 828 804 creatur,

57 806 123 874 Ejus
134 806 214 859 habet
225 806 285 874 plus
296 813 371 874 perte
383 824 469 874 seque3
487 807 555 874 quod
568 821 671 856 cernere
683 806 771 873 possis,

57 873 118 927 Sive
130 874 217 927 ririim
229 875 337 941 suboles,
350 875 404 927 sive
416 881 456 927 est
466 874 600 926 muliebris
613 873 691 940 origo.

92 943 118 995 N
119 961 147 995 ec
159 943 250 996 divina
262 949 348 995 satum
360 944 503 1010 genitalem
514 943 624 995 numina
636 942 759 1009 cuiquem
960 1000 962 1005 ,

56 1011 217 1078 Absterrent‚
230 1019 305 1080 pater
316 1029 332 1064 a
343 1013 413 1065 natis
425 1030 458 1064 ne
470 1012 590 1064 dulcibus
602 1028 720 1078 unquam
825 1015 892 1066 1230

58 1081 222 1149 Appelletur,
234 1086 261 1133 et
273 1087 304 1133 ut
316 1081 399 1133 sterili
411 1081 511 1134 Venere
524 1081 613 1148 exigat
626 1097 712 1132 aevum
719 1099 726 1143 3

58 1148 133 1212 Quod
145 1150 298 1218 plerumque
310 1156 414 1216 putant,
427 1158 453 1202 et
465 1151 550 1201 multo
563 1149 689 1215 sanguine
701 1148 788 1201 moesti

57 1217 239 1286 Conspergrmt
250 1236 315 1285 aras,
327 1218 486 1286 adolentque
497 1218 592 1270 altaris
604 1217 685 1284 donis,

56 1286 95 1338 Ut
106 1287 228 1354 gravidas
239 1287 351 1339 reddant
363 1305 457 1339 uxores
470 1288 567 1340 semine
579 1287 667 1352 largo:

55 1354 243 1423 Nequidquam
254 1355 346 1407 divrim
357 1373 463 1422 numen,
474 1361 606 1422 sortesque
617 1355 742 1422 fatigant.

55 1423 82 1475 N
83 1441 126 1475 em
138 1424 237 1476 steriles
248 1424 361 1476 nimium
370 1441 453 1476 crasso
466 1431 527 1476 sunt
540 1424 637 1477 semiue
649 1423 754 1491 partim,

55 1491 92 1543 Et
104 1491 204 1560 liquido
216 1499 309 1561 prester
317 1495 420 1560 justum
432 1494 558 1560 tenuique
570 1493 692 1545 vicissim.

56 1560 152 1626 Tenue,
164 1562 227 1613 locis
240 1563 302 1628 quia
314 1579 367 1613 non
378 1563 448 1631 potis
460 1569 500 1614 est
511 1563 616 1630 affigere
629 1562 772 1628 adhaesum,

56 1628 180 1696 Liqrritur
192 1630 330 1698 extemplo,
342 1637 370 1683 et
381 1638 533 1684 revocatum
544 1632 615 1683 cedit
627 1630 734 1684 abortu:

56 1697 172 1750 crassius
184 1699 233 1750 hoc
244 1716 326 1768 porro,
340 1701 462 1768 quoniam
475 1701 620 1753 concretius
631 1717 706 1767 ecquo
824 1703 892 1754 1240

58 1765 185 1834 Mittitur,
199 1773 246 1820 eut
259 1785 312 1819 non
324 1774 380 1820 tem
392 1770 493 1837 prolixo
505 1769 623 1837 provolat
635 1769 702 1832 ictu,

55 1835 113 1886 Aut
124 1843 260 1904 penetrare
272 1836 341 1889 locos
353 1854 426 1904 aeque
438 1837 539 1904 nequit,
552 1844 600 1895 aut
612 1843 787 1905 penetratum,

55 1903 136 1970 AEgre
148 1904 305 1958 admiscetur
316 1905 439 1957 muliebri
451 1907 548 1959 semine
561 1923 656 1958 semen.
736 1959 738 1961 .

54 1972 125 2025 Nem
136 1974 251 2025 multum
263 1974 405 2026 harmonice
419 1975 526 2026 Veneris
539 1975 643 2026 differre
655 1975 793 2040 videntur;

54 2041 143 2108 Atque
155 2042 220 2094 alies
232 2043 278 2095 alii
290 2043 422 2110 complent
433 2045 524 2110 magis,
537 2061 570 2095 ex
582 2044 693 2111 aliisque

55 2109 207 2178 Suscipiunt
219 2112 277 2164 aliae
289 2112 391 2180 pondus
402 2113 492 2179 magis,
505 2113 585 2180 inque
597 2118 760 2179 gravescunt.

54 2177 91 2230 Et
102 2180 194 2231 multae
206 2181 305 2233 steriles
318 2181 460 2248 hymenaeis
472 2187 534 2233 ente
545 2182 655 2234 fuerunt

55 2245 187 2316 Pluribus,
200 2255 226 2300 et
238 2257 323 2301 nactee
335 2257 395 2317 post
408 2256 470 2302 sunt
482 2257 579 2316 tamen,
594 2251 663 2301 unde
674 2249 776 2317 puellos

55 2314 192 2385 Suscipere
204 2324 231 2369 et
243 2325 321 2386 partu
333 2326 438 2385 possent
450 2319 576 2370 ditescere
589 2319 676 2381 dulci;

54 2384 98 2451 Et,
111 2386 205 2452 quibus
218 2393 279 2439 ante
292 2387 361 2439 domi
373 2388 502 2439 foecundae
516 2404 583 2454 saepe
595 2387 747 2453 nequissent
822 2388 890 2440 1250

55 2453 155 2506 Uxores
168 2473 265 2522 perere,
277 2456 386 2508 inventa
398 2462 437 2507 est
449 2457 502 2507 illis
515 2472 615 2523 quoque
628 2471 734 2522 compar

55 2522 165 2589 Natura,
178 2530 209 2575 ut
221 2531 330 2592 possunt
341 2526 411 2576 natis
423 2526 526 2576 munire
539 2530 678 2575 senectam.

90 2591 178 2660 Usque
190 2593 254 2645 adeo
266 2594 356 2660 magni
367 2594 454 2657 refert,
466 2600 498 2646 ut
510 2593 610 2646 semina
620 2592 725 2662 possint

52 2659 200 2712 seminum
212 2663 375 2716 commisceri
387 2665 546 2736 genitaliter
558 2669 637 2738 apta,
