1928 2964
351 149 460 205 LIBER
477 149 623 212 PRIMUS.
872 153 904 205 31

62 252 172 320 Deinde,
184 253 255 321 quod
269 251 381 304 obseura
392 251 426 304 de
437 269 466 304 re
478 257 534 307 tam
545 252 635 305 lucida
646 269 734 320 pango

62 321 191 388 Carmina,
204 322 308 376 Museo
320 321 475 388 contingens
488 329 583 374 cuncta
595 320 687 388 lepore

62 389 93 441 Id
106 408 210 458 quoque
222 391 295 442 enim
307 407 361 442 non
372 389 406 443 ab
417 389 492 442 nulla
503 389 605 442 ratione
617 390 724 442 videtur
730 408 738 453 ;

61 458 121 526 sed,
134 459 219 512 veluti
231 460 321 528 pueris
333 459 466 512 absinthia
478 465 548 513 tetra
560 458 695 510 medentes

62 528 152 592 Quum
165 528 228 580 dare
241 534 379 594 conantur,
391 528 464 595 prius
476 545 533 580 oras
579 527 640 579 culs
652 526 751 581 circum

61 596 230 664 Contingimt
241 597 327 649 mellis
339 596 411 653 dulci
422 595 541 664 flavoque
565 597 661 663 'quore,

61 665 99 718 Ut
111 683 254 735 puerorum
266 673 330 718 aetas
342 665 489 732 improvida
500 665 651 717 ludificetur

60 734 209 788 labrorum
221 740 307 800 tenus,
318 734 420 787 interea
431 739 551 802 perpotet
564 751 683 786 amarum

61 803 193 856 Absinthi
205 803 321 870 laticem,
333 803 495 871 deceptaque
507 820 561 854 non
573 803 701 871 capiatur,
854 809 903 858 940

61 871 113 924 Sed
126 872 218 940 potius
230 871 280 927 tali
291 872 362 925 facto
374 878 491 924 recreate
503 872 632 924 valescat:

61 941 105 993 Sio
117 957 167 1008 ego
180 957 261 1006 nunc,
273 940 396 1008 quoniam
408 940 465 993 haee
477 941 544 993 ratio
557 941 711 1009 plerumque
723 941 831 1006 videtur

61 1009 173 1062 Tristior
186 1026 249 1076 esse,
262 1009 357 1077 quibus
368 1026 422 1061 non
434 1015 474 1062 est
485 1015 607 1076 tractata,
619 1016 741 1077 retroque

62 1078 168 1146 Vulgus
181 1078 304 1132 abhorret
316 1077 349 1131 ab
361 1078 419 1144 hae,
431 1079 504 1131 volui
516 1078 567 1131 tibi
580 1078 774 1146 suaviloquenti

62 1148 187 1201 Carmine
199 1147 286 1199 Pierio
297 1147 426 1200 rationem
437 1163 567 1215 exponere
578 1153 702 1216 nostram,

61 1216 98 1269 Et
110 1217 190 1285 quasi
201 1216 303 1269 Musaeo
315 1216 387 1269 dulei
399 1217 551 1284 contingere
562 1216 655 1282 melle;

61 1285 90 1339 si
102 1286 154 1338 tibi
167 1286 236 1337 forte
248 1285 367 1339 animum
378 1285 428 1338 tali
440 1285 542 1338 ratione
554 1291 643 1337 tenere

62 1354 190 1407 Versibus
201 1355 231 1406 in
242 1355 337 1413 nostris
349 1371 458 1422 possem,
471 1354 535 1407 dum
547 1355 672 1422 perspicis
684 1371 787 1407 omnem

62 1423 196 1477 Naturam
207 1441 302 1491 rerum,
315 1440 367 1492 qua
379 1430 481 1476 constet
493 1430 598 1491 compta
609 1423 701 1490 figura.

76 1534 154 1601 Quod
165 1543 247 1587 totam
258 1542 293 1587 est
305 1533 451 1603 infinitam,
464 1532 534 1603 qaod
544 1532 735 1603 eoimfinitam
746 1542 781 1586 est
792 1551 893 1605 corpor.

97 1627 150 1680 seo
163 1627 288 1695 quoniam
300 1627 385 1692 docui,
397 1626 553 1678 solidissm
565 1625 687 1678 materiai
853 1630 904 1679 950

64 1697 178 1765 Corpora
189 1701 315 1764 perpetuo
328 1695 438 1748 volitare
450 1696 550 1748 invicta
563 1712 609 1764 per
621 1713 721 1760 aevum3

63 1764 143 1817 Nune
155 1782 212 1831 age,
225 1767 338 1817 summai
351 1781 474 1832 quaenam
486 1765 520 1816 sit
532 1765 592 1816 finis
605 1781 701 1832 eorum,

62 1834 153 1886 Neene
166 1834 208 1899 sit,
221 1833 384 1886 evolvamus:
402 1832 475 1900 item,
489 1834 559 1900 quod
571 1834 649 1886 inane
660 1841 794 1902 repertum
807 1840 854 1901 est,

62 1902 115 1955 Seu
127 1903 202 1953 locus
214 1918 244 1953 ao
256 1903 379 1970 spatium,
388 1920 429 1954 res
440 1903 470 1954 in
482 1920 532 1971 quo
545 1920 654 1972 quaeque
666 1909 798 1971 gerantur,

62 1971 260 2036 Pervideamus‚
273 1977 363 2023 utrum
375 1971 481 2035 finitum
492 1972 614 2024 funditus
627 1988 704 2024 omne

62 2041 179 2107 Constet,
191 2057 227 2092 an
238 2040 395 2092 immensum
407 2047 498 2109 pateat
510 2048 649 2109 vasteque⁰
662 2041 829 2109 profundum.

97 2111 184 2162 Omne
196 2109 265 2178 quod
278 2116 324 2177 est,
336 2110 426 2178 igitur,
438 2110 513 2162 nulla
524 2111 629 2177 regione
641 2111 745 2162 viarum

63 2178 185 2232 Finitum
196 2185 251 2242 est;
269 2195 383 2247 namquo
396 2185 543 2231 extremum
555 2178 667 2232 debebat
678 2178 787 2232 habere:

62 2247 223 2301 Extremum
230 2265 311 2368 porro
323 2248 421 2301 nullius
433 2265 507 2317 posse
520 2248 626 2300 videtur

62 2316 132 2384 Esse,
145 2318 199 2369 nisi
212 2335 230 2368 u
242 2324 283 2370 tra
295 2318 330 2370 sit
341 2317 411 2386 quod
423 2317 514 2380 finiat;
532 2324 563 2369 ut
575 2318 703 2382 videatur,
852 2320 903 2370 960

63 2386 120 2451 Quo
132 2404 188 2439 non
200 2387 306 2454 longius
318 2386 375 2438 haec
388 2404 477 2438 sensus
490 2392 585 2438 natura
598 2392 729 2454 sequatur.

62 2455 140 2509 Nunc
153 2463 232 2508 extra
245 2473 374 2507 summam
386 2456 510 2524 quoniam
522 2455 589 2524 nihil
602 2472 656 2506 esse
668 2453 807 2505 fatendum
820 2461 866 2524 est,

63 2525 121 2578 Non
133 2525 218 2578 habet
230 2530 391 2576 extremum:
410 2530 481 2576 caret
493 2542 554 2590 ergo
565 2524 618 2575 fine
630 2522 772 2590 modoque:

63 2593 116 2649 Nec
128 2595 222 2658 refert,
234 2593 330 2663 quibus
342 2593 447 2645 assistas
458 2593 608 2658 regionibus
621 2594 643 2660 ej
648 2608 684 2644 us.

361 2694 370 2715 θ
383 2687 416 2728 vel
427 2686 454 2727 ad
464 2697 546 2739 usqua,
560 2685 611 2728 MS.
