1928 2964
332 163 441 215 LIBER
459 162 616 217 ruamus.
687 154 689 161 '
860 166 893 216 89

53 267 142 334 Usque
156 266 220 318 adeo
231 265 306 318 falsae
317 266 413 317 rationi
426 283 487 318 vera
498 266 605 317 videtur

53 335 106 387 Res
119 352 259 401 occurrere,
271 341 299 386 et
311 335 437 401 effugium
449 334 607 402 praecludere
620 334 709 398 eunti;

53 404 225 472 Ancipitique
236 403 357 455 refutatu
368 404 520 455 convincere
532 403 635 454 falsum.

88 472 211 540 Denique
223 489 290 540 saepe
302 472 434 523 hominem
446 472 576 540 paulatim
588 472 718 524 cernimus
730 472 774 539 ire,

53 541 90 593 Et
102 541 269 592 membratim
281 541 389 592 vitalem
401 541 540 609 deperdere
553 558 670 592 sensum:

55 610 89 661 In
121 607 212 661 edibus
224 611 339 676 primum
352 609 447 676 digitos
458 609 581 661 livescere
595 615 621 660 et
633 626 750 676 ungues3

55 678 90 730 ln
111 696 126 729 e
137 678 216 745 pedes
228 683 255 729 et
267 695 344 729 crura
355 679 435 740 mori;
454 685 513 745 post
525 678 586 728 inde
598 695 644 746 per
656 685 729 730 artus

55 748 99 800 Ire
111 746 177 798 alios
189 747 294 798 tractim
306 746 388 814 gelidi
400 747 511 812 vestigia
523 747 577 798 leti.

55 815 194 868 Scinditur
206 821 286 882 atque
298 816 386 867 animo
398 817 522 882 quoniam
534 820 637 881 natura,
650 832 698 866 nec
711 832 763 868 uno
844 819 895 868 530

56 884 184 951 Tempore
196 884 296 936 sincera
309 884 407 949 existit,
419 883 536 934 mortalis
549 883 670 935 habenda
682 890 728 936 est.

57 952 134 1016 Quod
147 952 169 1003 si
181 952 248 1004 forte
261 959 345 1020 putas,
358 953 441 1019 ipsam
454 970 480 1003 se
493 970 566 1019 posse
578 969 625 1020 per
636 960 708 1005 artus

57 1021 205 1074 Introrsum
218 1021 327 1087 trahere,
340 1027 367 1072 et
379 1027 466 1088 partes
478 1021 621 1072 conducere
633 1022 661 1072 in
674 1039 765 1089 unum,

57 1091 147 1158 Atque
159 1090 217 1141 ideo
230 1091 331 1142 cunctis
343 1107 447 1141 sensum
460 1090 586 1141 deducere
599 1090 721 1142 membris
728 1109 735 1155 ;

57 1159 95 1210 At
108 1158 181 1210 locus
193 1158 238 1210 ille
250 1165 346 1224 tamen,
359 1176 410 1226 quo
422 1159 497 1226 copia
509 1164 585 1210 tanta
597 1159 696 1211 animai

59 1227 176 1296 Cogitur,
189 1227 217 1278 in
230 1244 305 1279 sensu
318 1227 395 1279 debet
405 1230 503 1296 majore
515 1227 605 1280 videri.

59 1296 113 1359 Qui
125 1297 248 1364 quoniam
259 1313 389 1364 nusquam
401 1301 447 1362 est,
459 1296 592 1363 nimirum,
604 1301 636 1348 ut
648 1296 763 1349 diximus
775 1302 845 1363 ante,

58 1364 196 1417 Dilaniata
208 1366 276 1417 foras
288 1365 447 1433 dispergitur
454 1383 461 1428 3
479 1365 571 1416 interit
583 1382 650 1432 ergo.

96 1433 167 1497 Quin
180 1434 266 1499 etiam,
279 1434 301 1485 si
309 1437 366 1500 jam
379 1434 459 1485 libeat
471 1434 610 1486 concedere
622 1433 725 1501 falsum,

60 1501 96 1554 Et
109 1502 178 1568 dare,
191 1519 264 1570 posse
276 1504 391 1554 animam
403 1502 540 1569 glomerari
551 1504 580 1554 in
592 1520 697 1570 corpore
709 1521 804 1572 eorum,
848 1506 899 1556 540

60 1571 175 1623 Irumina
187 1572 233 1638 qui
244 1571 370 1638 linquunt
382 1570 532 1622 moribundi
541 1572 734 1639 particulatim:

60 1638 202 1691 Mortalem
213 1645 302 1691 tamen
314 1657 368 1692 esse
380 1641 495 1692 animam
506 1641 605 1692 fateare
617 1658 720 1692 necesse
732 1646 778 1694 est.

60 1708 118 1760 Nec
129 1707 217 1775 refert,
229 1715 320 1759 utrum
332 1714 421 1776 pereat
434 1709 548 1777 dispersa
560 1726 606 1776 per
618 1727 701 1776 auras,

61 1777 105 1829 An
117 1783 251 1829 contracta
264 1778 316 1829 suis
329 1795 343 1829 e
355 1776 472 1845 partibus
484 1777 650 1830 obbrutescat
657 1797 664 1841 ;
729 1788 742 1794 “·

62 1845 175 1910 Quando
187 1846 319 1897 hominem
331 1852 416 1897 totum
428 1847 512 1913 magis
524 1863 555 1898 ac
567 1848 650 1913 magis
663 1847 780 1915 undique
793 1864 882 1900 sensus

62 1913 167 1980 Deficit,
180 1920 206 1965 et
218 1916 279 1966 vitae
290 1915 378 1966 minus
391 1923 416 1967 et
427 1915 514 1966 minus
527 1915 643 1982 undique
655 1921 744 1968 restat,

97 1983 133 2034 Et
146 1983 267 2050 quoniam
279 2001 353 2035 mens
365 1990 404 2035 est
416 1983 528 2034 hominis
540 2001 600 2051 pars
612 2002 673 2051 una,
685 1984 793 2053 locoque

63 2051 131 2104 Fixa
143 2058 233 2103 manet
244 2057 322 2118 certo,
334 2052 408 2104 velut
420 2069 495 2104 aures
507 2058 587 2120 atque
599 2054 668 2105 oculi
680 2060 750 2120 sunt,

63 2120 152 2188 Atque
164 2120 211 2172 alii
223 2138 319 2187 sensus,
332 2122 377 2188 qui
389 2121 472 2172 vitam
483 2138 595 2189 cumque
607 2123 772 2190 gubernant;

62 2189 99 2241 Et
111 2189 194 2242 veluti
205 2207 307 2256 manus,
319 2195 398 2257 atque
410 2190 508 2256 oculus,
520 2207 628 2243 naresve
640 2208 761 2258 seorsum,
849 2193 900 2243 550

63 2257 169 2310 Secreta
181 2257 282 2310 anobis
295 2264 430 2324 nequeunt
443 2259 546 2325 sentire,
558 2276 643 2327 neque
655 2277 725 2312 esse:

61 2326 114 2378 Sed
127 2333 216 2378 tamen
228 2327 257 2377 in
269 2344 349 2395 parvo
361 2327 501 2394 liquuntur
512 2334 628 2396 tempore
640 2328 704 2380 tali:

62 2395 106 2448 Sic
118 2396 223 2448 animus
235 2413 281 2464 per
293 2412 320 2447 se
332 2413 385 2447 non
397 2397 455 2463 quit
468 2396 524 2448 sine
536 2413 641 2464 corpore
654 2402 681 2448 et
692 2396 749 2463 ipso

63 2463 127 2517 Esse
140 2464 252 2529 homine,
265 2465 337 2516 illius
350 2464 425 2532 quasi
437 2464 507 2532 quod
519 2482 565 2517 vas
577 2482 632 2517 esse
644 2464 757 2531 videtur,

63 2532 124 2586 Sive
136 2533 209 2586 aliud
222 2533 327 2601 quidvis
339 2533 426 2601 potius
438 2533 604 2599 conjunctius
616 2533 641 2583 ei

63 2601 190 2670 Fingere3
208 2601 420 2670 quandoquidem
432 2618 552 2653 connexu
564 2617 657 2669 corpus
668 2601 792 2656 adhaeret.

98 2671 218 2740 Denique
231 2671 344 2739 corporis
356 2677 435 2739 atque
447 2670 530 2723 animi
541 2670 631 2724 vivata
642 2675 760 2742 potestas
