1928 2964
87 116 140 172 178
397 116 427 171 'E
444 116 613 170 tuomst

86 220 194 275 AEstuat
204 221 234 273 in
244 236 330 274 ramos
341 220 494 273 incumbens
506 221 605 273 arboris
616 221 700 290 arbor,

86 288 253 358 Exprimitur
264 290 358 343 validis
370 291 483 342 extritus
495 290 595 342 viribus
606 291 689 358 ignis:

86 357 191 412 Emicat
202 359 335 412 interdum
347 359 464 411 flammai
476 358 592 411 fervidus
603 360 687 426 ardor,

86 426 184 481 Mutua
195 428 260 479 dum
270 429 341 480 inter
352 444 380 479 se
391 427 458 479 rami
470 427 615 495 stirpesque
626 433 751 480 teruntur
757 447 766 492 ;

87 495 205 560 Quorum
217 503 359 563 utrumque
371 496 471 548 dedisse
482 502 568 562 potest
580 496 736 549 mortalibus
748 497 846 565 ignem
860 499 921 550 1100

121 564 187 617 Inde
199 565 287 617 cibum
299 581 408 632 coquere
419 581 451 616 ao
462 564 574 615 flammas
585 565 688 617 mollire
699 582 797 634 vapore

86 631 130 685 Sol
142 633 247 697 docuit;
260 633 383 701 quoniam
394 633 529 684 mitescere
540 632 627 684 multa
638 633 765 687 videbant

86 699 242 754 Verberibus
254 702 394 768 radiorum,
407 707 485 768 atque
497 706 564 753 {estu
576 701 648 753 victa
660 719 706 770 per
717 720 803 770 agros.

86 767 170 836 Inque
182 770 237 822 dies
248 771 332 837 magis
344 770 474 822 invictum
485 769 620 836 ritumque
632 771 748 839 priorem

86 837 252 891 Commutare
263 839 337 890 novis
349 837 529 891 monstrabunt
541 837 618 889 rebus
630 845 657 891 et
668 839 733 907 igni,

86 905 197 974 Ingenio
208 908 255 976 qui
267 906 433 976 prestabant,
446 912 473 958 et
485 906 561 957 corde
572 907 706 974 vigebant.

120 976 236 1029 Condere
249 981 383 1044 coeperunt
395 974 478 1040 urbes,
491 991 628 1042 arcemque
639 975 724 1029 locare

85 1043 242 1098 Presidium
252 1061 326 1112 reges
337 1044 389 1111 ipsi
401 1043 450 1094 sibi
461 1043 677 1112 perfugiumque:

85 1111 121 1165 Et
133 1114 244 1182 pecudes
255 1119 283 1166 et
294 1129 369 1180 agros
382 1111 500 1177 divisere,
512 1118 592 1179 etque
604 1112 698 1166 dedere

85 1181 137 1234 Pro
148 1182 216 1235 facie
228 1185 353 1250 cujusque
365 1187 391 1232 et
403 1180 501 1233 viribus
513 1181 677 1249 ingenioque
858 1186 921 1236 1110

85 1249 155 1302 Nam
166 1251 247 1304 facies
258 1250 372 1302 multum
383 1249 476 1315 valuit,
488 1249 608 1316 viresque
620 1250 760 1318 vigebant:

85 1316 218 1371 Posterius
230 1336 271 1371 res
282 1319 390 1370 inventa
400 1323 448 1383 est,
460 1334 606 1386 eurumque
617 1326 759 1387 repertum,

86 1387 164 1447 Quod
175 1388 253 1440 facile
264 1396 292 1440 11
303 1387 397 1440 validis
409 1392 436 1438 ot
448 1386 565 1455 pulchris
577 1387 691 1455 dempsit
702 1387 836 1442 honorem

31 1495 33 1498 -
84 1453 221 1508 Divitioris
233 1457 303 1509 enim
315 1461 413 1508 sectam
423 1454 578 1523 plerumque
590 1462 737 1523 sequuntur

85 1524 237 1589 Quamlibet
249 1532 275 1577 et
286 1525 373 1590 fortes,
386 1530 413 1576 et
424 1522 533 1591 pulchro
545 1540 651 1591 corpore
662 1526 734 1578 creti

120 1593 194 1656 Quod
207 1594 228 1646 si
241 1594 298 1660 quis
310 1611 371 1646 vera
383 1593 466 1644 vitam
477 1592 578 1644 ratione
589 1591 724 1661 gubernet,

84 1659 192 1714 Divitiae
204 1662 315 1729 grandes
327 1661 427 1712 homini
440 1667 508 1726 sunt,
520 1661 607 1713 vivere
619 1678 696 1728 parce

84 1729 170 1798 AEquo
182 1731 283 1793 animo;
300 1747 385 1798 neque
397 1730 467 1781 enim
479 1736 519 1782 est
530 1745 648 1796 unquam
660 1731 772 1798 penuria
783 1733 867 1801 parvi.

84 1799 121 1850 Ae
134 1800 214 1851 cleros
226 1799 343 1852 homines
355 1798 493 1851 voluerunt
505 1815 532 1850 se
544 1806 624 1865 atque
635 1807 764 1866 potentes,

84 1865 122 1920 Ut
134 1868 305 1920 fundamento
317 1868 405 1921 stabili
416 1867 523 1918 fortune
534 1875 659 1933 maneret,
852 1872 918 1923 1120

84 1934 120 1989 Et
132 1938 263 2006 placidam
275 1943 379 2006 possent
390 1935 509 2003 opulenti
521 1935 614 2001 degere
625 1936 724 2000 vitem

84 2004 282 2073 Nequidquam:
302 2005 425 2071 quoniam
436 2004 470 2054 ad
483 2021 613 2054 summum
625 2005 763 2059 succedere
775 2006 899 2061 honorem

85 2073 228 2140 Certentes,
239 2074 291 2126 iter
302 2074 427 2125 infestum
438 2072 522 2124 fecere
534 2073 595 2124 viai.

84 2141 120 2195 Et
132 2151 221 2196 tamen
233 2160 247 2194 e
259 2159 360 2194 summo
372 2141 447 2207 quasi
459 2140 559 2192 fulmen
572 2142 662 2209 dejicit
673 2142 740 2194 ictos

86 2211 190 2264 Invidia
202 2212 335 2264 interdum
347 2210 517 2275 contemptim
530 2211 557 2261 in
570 2211 679 2262 Tartara
691 2218 776 2266 tetra:

85 2279 123 2332 Ut
135 2282 217 2333 satius
228 2281 312 2333 multo
320 2283 376 2348 jem
389 2279 423 2330 sit
435 2295 525 2345 parere
537 2279 663 2344 quietum,

85 2349 170 2412 Quam
181 2367 270 2416 regere
282 2350 390 2417 imperio
401 2365 441 2399 res
453 2346 527 2410 velle,
540 2354 567 2397 et
578 2365 659 2415 regna
671 2354 761 2401 tenere
766 2348 781 2403 ¹.

85 2416 196 2469 Proinde
209 2419 272 2483 sine,
284 2419 414 2469 incassum
427 2415 526 2479 defessi,
540 2418 667 2482 sanguine
679 2418 776 2472 sudent

84 2485 234 2552 Angustum
246 2503 292 2554 per
303 2487 354 2538 iter
365 2486 496 2537 luctantes
509 2482 670 2538 ambitionis:

413 2633 420 2664 l
433 2641 518 2676 vocam
531 2631 578 2669 MS.
