1928 2964
327 150 437 204 LIBER
454 151 644 206 SECUNDUS.
872 156 906 205 61

99 254 168 306 Tum
179 271 262 324 porro,
275 272 335 323 quse
348 255 424 306 ducit
435 259 462 306 et
473 254 559 321 illicit,
571 261 602 306 ut
614 253 761 306 tribuamus

65 322 206 391 Principiis
217 341 307 376 rerum
319 341 514 391 nonnunquam,
528 340 613 387 causa,
626 324 729 389 colores,

66 393 170 444 Occidit
180 411 187 456 ;
203 410 237 444 ex
249 393 317 445 albis
330 393 454 460 quoniam
465 410 519 444 non
531 392 591 444 albu
603 399 733 459 creantur,

64 461 90 513 N
90 479 119 513 ec
132 479 191 529 qnae
203 463 280 529 nigra
293 461 388 535 cluent
395 460 428 513 de
439 461 530 529 nigris,
542 461 587 512 sed
599 463 678 514 variis
690 461 729 514 de.
857 463 907 515 790

65 530 169 598 Quippe
181 531 279 582 etenim
290 531 375 582 multo
387 530 528 598 proclivius
540 531 692 582 exorientur

65 599 184 652 Candide
196 599 230 651 de
240 599 322 666 nullo,
335 616 415 667 quam
426 599 509 667 nigro,
521 607 586 651 nata
598 600 688 665 colore,

63 668 118 720 Ant
130 668 184 720 alio
196 669 295 736 quovis,
307 669 353 736 qui
365 674 455 720 contra
467 674 569 737 pugnet
581 674 607 720 et
619 669 712 721 obstet.

97 738 239 805 Praeterea,
251 738 375 805 quoniam
386 744 523 805 nequeunt
535 738 591 789 sine
603 737 661 790 luce
674 737 770 789 colores

64 805 132 873 Esse,
145 823 232 874 neque
243 806 273 856 in
284 806 371 858 lucem
382 807 502 858 existunt
513 807 655 874 primordia
668 824 769 859 rerum:

65 874 134 928 Scire
147 875 211 927 licet
224 892 302 943 quam
314 875 368 927 sint
379 876 453 928 nullo
466 876 554 928 velatu
566 876 655 927 colore.

64 943 154 1008 Qualis
167 945 239 996 enim
251 944 326 996 caecis
338 945 434 1012 poterit
446 944 515 996 color
527 962 581 996 esse
592 944 715 1006 tenebris,

64 1012 177 1065 Lumine
189 1013 235 1081 qui
246 1013 275 1064 in
287 1014 344 1081 ipso
356 1020 483 1080 mutatur,
496 1019 632 1081 propterea
644 1014 714 1081 quod

64 1081 145 1135 Recta
157 1091 207 1134 aut
219 1081 324 1150 obliqua
336 1099 472 1150 percussus
484 1083 543 1134 luce
555 1083 686 1150 refulgetl

318 1176 359 1230 De
371 1177 451 1230 colore
462 1176 647 1230 colendarum.

62 1257 158 1310 Pluma
170 1258 350 1311 columbarum
363 1275 414 1325 quo
426 1265 504 1327 pecto
516 1258 545 1309 in
557 1259 610 1310 sole
621 1259 733 1326 videtur,
852 1262 903 1309 800

63 1327 128 1387 Quae
141 1328 195 1380 site
207 1328 318 1396 cerviqes
331 1328 430 1379 circum
442 1327 589 1395 collumque
601 1334 720 1381 coronat:

62 1395 182 1465 Namque
194 1396 260 1449 alins
272 1396 309 1463 fia,
322 1397 362 1449 uti
375 1397 444 1449 claro
458 1397 493 1448 sit
504 1397 583 1448 rubra
595 1413 693 1464 pyropo
703 1416 711 1460 ;

62 1465 202 1518 Interdum
214 1466 327 1533 quodam
340 1483 417 1517 sensu
428 1466 467 1532 fit,
479 1466 519 1517 uti
532 1466 655 1518 videatur

62 1533 134 1587 Inter
146 1534 289 1587 caeruleum
300 1535 396 1588 virides
408 1535 516 1586 miscere
528 1535 684 1602 smaragdos.

349 1631 389 1683 De
400 1630 486 1683 cauda
496 1631 616 1700 pavonis.

62 1710 203 1779 crudaque
215 1713 331 1779 pavonis,
344 1712 417 1780 larga
430 1729 512 1780 quum
523 1713 582 1764 luce
593 1713 694 1781 replete
706 1718 752 1779 est,
770 1777 774 1784 ι

61 1778 196 1832 Consimili
208 1787 295 1835 mutat
307 1782 408 1834 ratione
420 1782 526 1833 obversa
538 1782 641 1834 colores.

61 1848 110 1912 Qui
122 1849 250 1918 quoniam
263 1851 375 1917 quodam
387 1851 534 1918 gignuntur
546 1851 653 1902 luminis
665 1851 728 1917 ictu,

61 1916 130 1971 Scire
142 1919 207 1970 licet
219 1919 275 1971 sine
286 1937 316 1970 eo
328 1918 385 1970 fieri
397 1936 450 1970 non
461 1937 534 1987 posse
546 1920 696 1988 putandum
708 1926 754 1972 est.

92 1987 128 2039 Et
141 1986 267 2055 quoniam
279 1987 363 2056 plagae
377 1988 509 2055 quoddam
521 2006 603 2055 genus
616 1989 715 2056 excipit
727 1990 756 2041 in
768 2006 795 2040 se

59 2055 172 2124 Pupula,
183 2057 268 2124 quum
280 2057 376 2108 sentire
388 2057 498 2108 colorem
511 2058 608 2109 dicitur
620 2058 717 2125 album,
847 2061 898 2108 810

60 2127 146 2193 Atque
159 2125 233 2176 eliud
245 2143 327 2193 porro,
340 2125 446 2192 nigrum
459 2143 540 2192 quum
552 2133 579 2178 et
592 2133 677 2179 cetera
690 2127 778 2193 sentit,

58 2193 111 2245 Nec
122 2194 212 2260 refert,
225 2211 257 2246 ea
268 2212 327 2262 quae
339 2195 434 2262 tangis,
447 2212 497 2263 quo
509 2196 576 2247 forte
589 2197 673 2248 colore

58 2261 175 2316 Praedite
187 2263 248 2330 sint,
260 2281 351 2315 verum
364 2264 435 2331 quali
447 2265 530 2331 magis
543 2271 606 2333 apta
618 2266 716 2331 figura:

58 2331 126 2385 Scire
138 2333 211 2400 licet,
223 2332 262 2383 nil
274 2333 410 2400 principiis
423 2350 487 2401 opus
500 2351 554 2385 esse
567 2334 663 2385 colores
670 2352 677 2396 ;

57 2399 105 2454 Sed
117 2402 199 2454 variis
210 2401 301 2453 formis
313 2403 444 2453 variantes
457 2403 532 2453 edere
545 2409 640 2454 tactus.

88 2471 228 2537 Praetema,
242 2470 367 2537 quoniam
378 2488 431 2521 non
444 2472 521 2522 certis
534 2477 604 2522 certa
616 2469 707 2536 figuris

57 2537 101 2592 Est
112 2546 211 2593 natura
223 2539 324 2605 coloris,
336 2545 363 2590 et
376 2539 463 2590 omnia
474 2540 663 2608 principiorum

57 2607 239 2662 formamenta
251 2613 354 2677 queunt
365 2608 394 2658 in
406 2609 496 2676 quovis
509 2625 562 2658 esse
574 2609 672 2659 nitore:

58 2677 104 2732 Cur
115 2697 154 2748 eu,
167 2696 226 2751 quse
239 2681 363 2730 constant
375 2693 407 2727 ex
418 2676 479 2741 illis,
492 2694 546 2728 non
557 2677 656 2747 pariter
668 2682 732 2730 sunt

914 2750 928 2783 Α
