1964 2970
93 142 143 195 176
282 194 291 217 κ
403 139 432 194 Τ.
449 138 616 193 usdrusu

89 241 140 293 Sed
152 241 220 292 bone
231 256 377 306 magnaque
389 255 448 306 pars
461 239 599 292 servabant
610 237 709 291 indere
721 238 803 302 oesti;
867 284 869 286 ,

90 311 145 361 Aut
158 327 240 377 genus
252 310 398 362 humanum
406 310 463 374 jam
475 315 534 359 tum
545 308 613 360 foret
625 324 700 360 omne
712 311 891 374 peremptum,

90 378 116 431 N
117 396 146 431 ec
158 379 286 445 potuisset
298 378 385 430 adhuc
397 376 537 444 perducere
550 376 627 429 saecle
638 392 761 444 propago.

126 448 162 498 At
174 447 259 497 varios
271 446 368 512 linguae
382 445 482 497 sonitus
494 450 590 498 nature
603 445 706 510 subegit

91 513 206 579 Mittere,
219 521 246 565 et
258 515 361 566 utilitas
373 514 501 581 expressit
512 514 619 565 nomine
630 529 729 564 rerum:

91 583 151 634 Non
163 582 215 634 alie
227 582 303 648 longe
315 583 424 648 ratione,
436 587 516 648 atque
528 582 585 648 ipsa
597 582 702 633 videtur

91 651 245 702 Protrehere
257 650 291 702 ed
302 657 406 717 gestum
417 666 510 718 pueros
522 650 636 701 infantie
647 649 760 716 linguae3
863 652 930 704 1030

92 719 179 782 Quum
191 719 263 785 facit,
276 726 308 770 ut
320 718 410 786 digito,
423 736 482 787 quae
495 719 548 770 sint
560 718 706 785 praesentia,
718 723 875 772 monstrent.
905 775 907 778 ,

92 787 178 839 Sentit
191 787 261 838 enim
273 788 327 838 vim
339 788 447 854 quisque
459 804 540 853 suam,
553 803 633 853 quam
644 787 725 854 possit
737 785 826 840 abuti:

92 856 194 908 Cornua
205 862 269 908 nata
281 856 353 923 prius
365 856 449 908 vitulo
462 872 541 922 quam
553 855 684 907 frontibus
694 861 807 921 exstent,

92 925 149 976 Illis
161 925 243 976 iratus
255 925 323 991 petit
335 930 415 990 etque
426 924 544 976 infensus
556 924 677 991 inurget:

92 992 223 1045 necaturi
236 993 423 1060 pantherarum
435 994 586 1059 scymnique
599 993 711 1058 leonum,

93 1061 231 1128 Unguibus
243 1078 274 1113 ac
286 1061 395 1128 pedibus
403 1063 461 1128 jam
473 1069 531 1113 tum
542 1078 682 1127 morsuque
693 1066 853 1128 repugnant,

93 1129 147 1180 Vix
159 1130 239 1181 etiam
251 1145 333 1196 quum
345 1136 408 1181 sunt
420 1129 511 1181 dentes
523 1146 676 1197 unguesque
688 1130 776 1181 creati.

93 1197 214 1249 Alituum
227 1214 301 1266 porro
313 1215 396 1264 genus
407 1198 457 1250 alis
469 1215 544 1250 omne
556 1199 675 1249 videmus

93 1266 193 1332 Ilidere,
206 1273 233 1318 et
245 1282 261 1317 a
273 1267 365 1333 pennis
377 1267 519 1318 tremulum
531 1266 619 1334 petere
631 1266 798 1319 auxiliatum.

94 1334 206 1386 Proinde
218 1340 318 1402 putere,
331 1335 445 1402 aliquem
457 1341 515 1386 tum
527 1336 633 1387 uomina
645 1335 808 1387 distribuisse
862 1338 928 1388 1040

94 1403 189 1470 Rebus,
203 1410 230 1454 et
241 1403 303 1454 inde
315 1403 432 1455 homines
445 1404 564 1455 didicisse
576 1403 703 1457 vocabula
715 1404 807 1471 prima,

94 1471 155 1524 Desi
175 1489 216 1523 ere
229 1479 281 1523 est:
299 1489 361 1523 nam
373 1489 420 1523 cur
431 1472 474 1524 hic
487 1483 573 1540 posset
585 1479 680 1524 cuncta
692 1478 783 1524 notare

95 1490 216 1605 Vocilius,
228 1545 255 1591 et
267 1541 351 1591 varios
364 1541 464 1592 sonitus
476 1542 595 1593 emittere
607 1541 712 1607 lingua,

94 1609 220 1676 Tempore
232 1607 321 1659 eodem
334 1609 379 1660 alii
391 1610 476 1660 facere
488 1610 516 1660 id
528 1625 581 1660 non
594 1609 680 1676 quisse
692 1608 837 1677 putenturl

95 1676 231 1742 Praeterea,
244 1677 265 1727 si
278 1694 331 1727 non
343 1677 388 1728 alii
401 1695 503 1745 quoque
515 1678 621 1729 vocibus
633 1678 675 1729 usi

96 1745 169 1797 Inter
182 1762 208 1796 se
220 1745 333 1810 fuerant,
346 1746 416 1797 unde
427 1747 507 1798 insita
520 1747 625 1797 notities
638 1752 684 1798 est.

95 1814 203 1865 Utilitas
216 1814 302 1878 etiam,
315 1814 386 1866 uude
398 1814 461 1866 data
473 1822 512 1866 est
525 1815 587 1866 huic
598 1815 683 1881 prima
695 1819 817 1882 potestas,

96 1882 165 1944 Quid
178 1881 256 1933 vellet
268 1882 360 1948 facere,
372 1890 403 1934 ut
416 1883 493 1935 sciret
505 1884 642 1951 animoque
655 1884 772 1936 videretl

96 1951 190 2016 (legere
202 1951 266 2001 item
279 1951 365 2017 plures
377 1969 453 2017 unus,
466 1953 599 2018 victosque
611 1952 716 2003 domare

95 2019 154 2070 Non
167 2025 276 2085 poterat,
288 2036 375 2070 rerum
387 2026 418 2070 ut
430 2020 573 2086 perdiscere
585 2021 692 2072 nomina
703 2020 801 2072 vellent
808 2039 815 2083 ;
866 2025 934 2074 1050

95 2087 120 2138 N
121 2105 149 2138 ec
161 2088 262 2138 ratione
274 2087 365 2139 dooere
378 2089 439 2153 ulla,
453 2089 612 2155 suadereque
625 2089 717 2154 surdis,

97 2156 166 2219 Quid
179 2157 213 2207 sit
226 2172 290 2222 opus
302 2155 387 2217 faet03
404 2156 495 2208 faciles
507 2175 591 2224 neque
604 2158 674 2208 enim
686 2162 849 2224 paterentur,

94 2224 120 2275 N
121 2242 149 2276 ee
161 2225 261 2275 ratione
274 2224 328 2275 ulla
340 2224 389 2274 sibi
401 2225 499 2276 ferrent
512 2226 625 2293 amplius
637 2243 712 2277 aures

96 2293 172 2344 Vocis
184 2293 315 2344 inauditos
328 2294 428 2344 sonitus
441 2293 584 2346 obtundere
596 2295 701 2346 frustra.

130 2362 270 2427 Postremo,
284 2362 348 2427 quid
360 2363 388 2412 in
400 2362 450 2414 hac
462 2362 580 2413 mirabile
592 2369 728 2428 tantopere
740 2367 780 2414 est
791 2379 827 2428 re,
886 2404 888 2411 ,

95 2428 121 2481 Si
134 2448 216 2496 genus
229 2430 381 2495 humanum,
394 2432 437 2482 cui
449 2449 500 2482 vox
513 2438 539 2482 et
551 2431 643 2497 lingua
655 2432 762 2498 vigeret,

95 2498 145 2547 Pro
158 2499 229 2548 vario
242 2516 319 2550 sensu
332 2501 416 2550 varias
428 2517 467 2551 res
480 2517 542 2550 voce
554 2505 671 2560 notaret3

87 2566 176 2630 Quum
188 2567 304 2636 pecudes
317 2575 407 2634 muta,
421 2585 503 2635 quum
513 2568 626 2632 denique
637 2567 713 2618 saecla
724 2567 841 2620 ferarum

70 2635 230 2692 Dissimiles
244 2640 354 2694 soleant
365 2657 446 2694 voces
456 2637 598 2704 variasque
609 2635 687 2695 diere,
