1928 2964
356 156 466 209 LIBER
484 154 623 207 SEXTUS.
860 157 913 207 203

68 257 154 323 Quem
167 259 221 311 sint
232 274 343 326 quaeque
355 257 446 324 magis,
459 263 534 309 tanto
546 255 630 322 magis
643 254 715 307 edite
726 254 831 306 fument
857 258 910 306 460

67 326 180 379 Assidue
191 328 271 380 fulvae
283 327 361 378 nubis
373 326 486 394 ealigine
498 342 598 387 cressa5

68 396 211 464 Propterea
223 397 292 464 quia,
305 412 387 463 quum
400 395 547 446 consistunt
558 393 652 445 nubile
662 392 785 460 primum,

66 465 136 517 Ante
148 465 236 517 videre
249 465 317 517 oeuli
329 480 407 531 quam
420 463 521 531 possint
531 462 630 524 tenuia,
642 461 716 512 venti

66 533 205 586 Portentes
217 540 315 600 cogunt
327 533 361 584 ed
373 549 474 584 summe
486 532 623 583 cacumine
635 531 739 582 montis.

67 602 120 654 Hie
133 602 239 654 demum
251 603 289 668 fit,
302 603 350 668 uti,
364 601 442 653 turba
453 602 551 668 majore
563 604 658 664 coortu,

67 670 103 722 Et
115 672 246 724 condense
256 677 342 738 etque
349 677 422 722 erote
434 685 567 737 apparere,
579 673 607 720 et
619 666 696 720 simul
708 667 766 736 ipso

65 739 170 792 vertice
182 741 214 792 de
226 740 323 791 montis
335 739 459 791 videatur
470 754 575 804 surgere
586 737 616 788 in
628 737 746 790 aethruur

64 808 90 859 N
90 825 133 859 em
145 809 203 860 loos
214 808 331 861 declaret
343 824 445 859 sursum
457 813 565 858 ventose
576 811 668 874 petere

67 877 118 928 Res
130 877 188 944 ipsa
200 884 227 929 et
239 895 351 942 sensum,
363 881 466 927 montes
477 892 560 942 quum
571 873 738 926 ascendimus
749 874 824 927 nites.

100 945 237 1012 Praeterea,
249 945 382 1014 permulta
393 944 460 995 meri
472 960 576 1011 quoque
587 943 679 995 tollere
690 948 747 995 toto
852 943 905 996 470

64 1013 177 1082 Corpora
188 1021 319 1082 naturam,
332 1014 468 1066 declarent
478 1013 554 1065 litore
567 1017 652 1065 vestes

64 1081 210 1151 Suspensas,
222 1101 305 1151 quum
317 1083 471 1150 concipiunt
483 1081 601 1133 humoris
612 1080 755 1134 adhesum.

64 1150 140 1214 Quod
152 1153 236 1219 magis
247 1153 282 1205 nd
294 1153 377 1204 nubes
387 1151 522 1217 augendus
533 1150 619 1202 multe
630 1150 756 1203 videntur

63 1219 141 1273 Posse
153 1237 256 1289 quoque
267 1238 282 1273 e
294 1221 361 1273 saiso
374 1236 529 1287 consurgere
539 1220 654 1270 momine
666 1219 757 1287 ponti:

64 1288 90 1339 N
91 1306 135 1340 em
146 1290 216 1342 ratio
226 1290 423 1358 consanguinee
433 1295 473 1340 est
486 1288 640 1340 humoribus
651 1287 743 1341 omnis.

99 1357 238 1424 Praetereo,
249 1358 337 1410 fluviis
350 1376 383 1410 ex
396 1357 517 1409 omnibus
528 1363 556 1408 et
567 1356 644 1408 simul
656 1355 716 1424 ipse

61 1425 173 1493 Surgere
186 1427 218 1479 de
230 1434 301 1480 terre
312 1427 420 1480 nebulas
432 1431 576 1494 aestumque
588 1425 722 1479 videmus:

62 1495 134 1560 Quae,
147 1495 222 1548 velut
233 1496 339 1563 halitus,
352 1496 414 1548 hino
426 1496 466 1547 ita
477 1512 580 1547 sursum
593 1511 715 1562 expresse
727 1493 856 1563 feruntur,

61 1563 276 1632 suffunduntque
287 1583 335 1616 sue
347 1564 443 1616 coelum
454 1564 574 1632 ealigine,
587 1568 614 1615 et
626 1563 695 1616 alter

60 1631 204 1685 Sufficiunt
215 1633 299 1686 nubes
310 1633 440 1703 peuletim
452 1633 636 1686 conveniendo.
848 1635 901 1685 480

96 1701 179 1769 Urget
191 1703 261 1753 enim
273 1720 376 1770 qnoque
388 1702 506 1770 signiferi
518 1719 596 1770 super
607 1701 713 1754 estheris
724 1706 811 1768 sertus,

60 1768 96 1821 Et
108 1771 183 1837 quasi
196 1770 328 1823 densando
341 1772 458 1822 subtexit
470 1771 566 1822 oaemle
577 1771 680 1823 nimbis.

94 1838 139 1891 Fit
152 1856 260 1906 quoque,
272 1846 305 1893 ut
316 1840 387 1892 hune
398 1841 507 1892 venient
518 1841 547 1890 in
559 1845 656 1891 eoetum
667 1839 831 1892 extrinsecus
842 1839 883 1891 illi

60 1905 179 1975 Corpore,
192 1924 250 1976 quae
262 1909 367 1961 faciunt
377 1909 460 1961 nubes
471 1908 623 1975 nimbosque
635 1907 761 1960 volentes.
929 1917 933 1925 '

59 1973 281 2029 Innumerabilem
293 1979 364 2030 enim
375 1994 520 2043 numerum,
533 1993 713 2046 summumque
724 1975 849 2044 profundi

58 2043 121 2097 Esse
133 2044 265 2098 infinitum
278 2047 369 2110 doeui;
388 2052 540 2114 quanteque
551 2044 671 2096 volarent

58 2112 171 2181 Corpora
181 2115 336 2180 mobilitate,
348 2115 457 2181 ostendi,
471 2131 600 2182 quemque
611 2118 720 2182 repente

57 2180 267 2236 Immemorebile
279 2202 326 2252 per
338 2185 452 2252 spatium
464 2184 576 2236 transire
588 2183 707 2236 solerent

57 2250 138 2303 Haud
151 2252 233 2319 igitur
244 2253 341 2304 mirum
352 2260 400 2320 est,
412 2253 435 2304 si
446 2270 526 2322 parvo
539 2260 655 2320 tempore
668 2267 737 2320 saepe

56 2319 120 2371 Tem
133 2337 242 2388 magnos
252 2328 353 2374 montes
365 2328 508 2390 tempestus
520 2327 600 2389 atque
612 2321 728 2373 tenebrae
845 2321 898 2372 490

56 2387 106 2440 Ceo
126 2389 211 2442 orient
223 2391 312 2457 merie,
325 2408 357 2442 ee
372 2397 461 2456 tems,
474 2391 594 2457 impense
605 2405 722 2457 superne.

55 2456 99 2508 Un
120 2458 177 2526 'que
189 2459 402 2528 quandoquidem
413 2477 460 2528 per
472 2459 562 2511 caules
573 2458 679 2510 retheris
690 2472 785 2522 omnes,

338 2576 483 2646 spirarum
494 2576 598 2630 usundi.

54 2655 90 2707 Iit
101 2657 177 2724 quasi
189 2658 336 2726 permagni
349 2659 447 2710 eireum
461 2658 593 2726 epimenia
603 2659 698 2711 mundi

54 2724 150 2778 Exitus
160 2726 338 2799 introituque
349 2727 490 2783 elementis
498 2727 625 2783 robertus
634 2733 737 2782 ensem„
