1928 2964
326 137 434 189 trane
452 137 641 191 SECUNDUS.
872 146 903 194 67

61 242 165 296 Pabula
177 259 261 310 quum
273 240 378 309 praebet,
391 239 485 307 quibus
497 257 585 291 omnes
598 257 704 308 corpora
716 248 834 309 pascunt,

60 312 101 366 Et
113 312 219 364 dulcem
232 310 334 361 ducunt
346 310 436 375 vitam,
449 309 599 377 prolemque
611 317 773 377 propagent:

61 382 229 449 Quapropter
239 379 333 430 merito
344 385 493 429 maternum
505 395 600 428 nomen
612 378 707 446 adepta
719 386 765 431 est.

63 451 140 502 (111111
151 450 218 500 item
229 454 306 513 retro,
318 447 351 498 de
364 453 434 498 terra
446 447 515 514 quod
527 447 580 498 fuit
592 453 661 511 ante,

61 518 94 570 In
106 525 191 571 terras
202 535 210 580 3
228 523 255 569 et
267 516 337 583 quod
348 517 457 566 missum
469 523 508 567 est
520 533 553 566 ex
566 516 670 567 aetheris
682 514 739 584 oris,

61 587 93 639 Id
105 602 213 638 rursum
225 586 283 636 coeli
295 584 409 636 relatum
421 584 520 651 templa
531 590 685 650 receptant:
835 590 901 638 1000

60 654 115 708 Nec
128 655 165 707 sic
177 653 307 705 interimit
318 670 386 704 mors
397 670 446 718 res,
459 659 489 704 ut
501 653 624 704 materiai

62 725 176 793 Corpora
188 722 316 788 conficiat,
328 722 373 773 sed
386 728 483 773 coetum
496 721 604 788 dissipat
616 721 669 773 illis
681 740 687 774 :

61 793 129 845 Inde
142 793 202 845 aliis
213 791 294 851 aliud
300 790 445 857 conjungit,
458 796 484 841 et
497 790 583 856 efficit,
596 807 684 842 omnes

61 861 112 914 Res
124 863 164 914 ita
176 865 331 912 convertant
342 860 446 925 formas,
458 865 614 926 mutentque
626 860 729 925 colores,

60 930 95 983 Et
107 931 217 998 capiant
229 946 326 995 sensus,
338 935 366 979 et
377 934 475 995 puncto
487 934 603 995 tempore
614 929 743 981 reddant:

61 999 97 1053 Ut
108 1015 202 1051 noscas
213 998 316 1064 referre,
330 997 421 1049 eadem
433 997 573 1064 primordia
585 1015 672 1048 rerum

61 1067 127 1120 Cum
140 1066 243 1136 quibus,
255 1073 282 1118 et
294 1066 366 1133 quali
378 1060 495 1134 positura
506 1066 697 1133 contineantur,

60 1136 94 1190 Et
107 1154 173 1206 quos
185 1136 256 1187 inter
267 1153 294 1186 se
306 1135 369 1186 dent
381 1141 474 1201 motus,
486 1135 684 1203 accipiantque:

59 1205 133 1258 Neve
145 1211 230 1273 putes,
243 1209 341 1256 1111111
352 1221 431 1272 penes
443 1204 554 1255 residere
565 1212 666 1272 potesse

61 1275 174 1344 Corpora
186 1274 278 1341 prima,
291 1273 360 1340 quod
371 1274 400 1324 in
412 1273 520 1323 summis
532 1273 635 1325 fluitare
647 1273 766 1325 videmus
832 1277 898 1326 1010

60 1343 156 1409 Rebus,
169 1348 197 1394 et
208 1340 342 1393 interdum
354 1341 434 1404 nasci,
447 1341 532 1393 subito
552 1359 583 1393 ue
595 1343 679 1410 perire
689 1361 695 1394 z

60 1413 131 1477 Quin
144 1412 225 1464 etiam
236 1411 316 1462 refert
328 1411 424 1462 nostris
436 1411 464 1460 in
476 1359 591 1462 versibus
603 1411 673 1478 ipsis,

21 1521 24 1530 .
59 1482 125 1534 01111
138 1479 234 1549 quibus
246 1487 273 1531 et
285 1479 357 1546 quali
370 1480 423 1531 sint
435 1479 525 1530 ordine
537 1496 645 1548 quaeque
657 1480 750 1534 locata.

60 1551 183 1616 Namque
195 1549 286 1600 eadem
298 1548 399 1615 coelum,
408 1565 488 1614 11111,
500 1553 589 1615 terras,
602 1549 718 1616 flumina,
732 1551 812 1603 solem

59 1618 223 1688 Significant,
236 1615 326 1669 ead'em
337 1617 433 1684 fruges,
445 1616 557 1682 arbusta,
570 1618 734 1672 animantes:

60 1687 86 1740 si
97 1705 153 1740 non
165 1687 253 1738 omnia
265 1687 325 1752 sint,
335 1693 363 1737 11
374 1686 459 1738 multo
471 1686 587 1738 maxima
598 1704 658 1754 pars
670 1695 710 1738 est

60 1755 222 1810 Consimilis:
241 1772 331 1806 verum
342 1755 459 1822 positura
472 1755 642 1823 discrepitant
654 1773 702 1809 res.

52 1825 100 1894 ¹Sic
111 1825 177 1893 ipsis
190 1824 219 1875 in
230 1823 306 1876 rebus
318 1824 383 1874 item
391 1825 448 1891 jam
459 1825 580 1876 materiai

60 1892 213 1958 intervalla,
225 1893 281 1957 viee,
294 1907 434 1959 connexus,
447 1893 568 1961 pondera,
581 1894 673 1961 plagae,

59 1963 212 2026 Concursus,
225 1968 318 2027 motus,
331 1962 400 2027 ordo,
413 1962 537 2030 positura,
549 1962 643 2029 figura
831 1969 898 2016 1020

59 2031 148 2096 Quum
159 2035 351 2099 permutantur,
363 2031 462 2082 mutari
473 2049 514 2082 res
526 2048 628 2098 quoque
639 2032 743 2086 debent.

90 2102 172 2154 Nunc
185 2099 304 2151 animum
315 2099 390 2150 nobis
402 2098 496 2150 adhibe
508 2108 597 2151 veram
609 2101 643 2152 ad
655 2101 790 2155 ratioriem.

56 2169 125 2223 Nam
138 2167 190 2220 tibi
201 2167 369 2220 vehementer
380 2185 448 2220 nove
459 2185 499 2220 res
510 2169 619 2220 molitur
629 2170 664 2222 ad
676 2189 752 2223 eures

57 2237 191 2303 Accidere,
203 2242 231 2288 et
242 2253 311 2288 nova
323 2254 350 2288 se
362 2237 459 2304 species
472 2238 607 2290 ostendere
619 2257 713 2292 rerum.

56 2306 105 2360 Sed
117 2322 207 2374 neque
218 2311 275 2356 tarn
286 2305 371 2356 facilis
383 2323 423 2357 res
435 2306 490 2358 ulla
502 2313 549 2373 est,
562 2307 626 2374 quin
638 2309 796 2375 caprimum

55 2374 177 2428 Difficilis
191 2373 275 2441 magis
288 2374 321 2425 ad
334 2375 492 2426 credendum
504 2380 618 2427 constet:
636 2376 752 2443 itemque

56 2443 99 2497 Nil
111 2443 180 2497 adeo
191 2460 326 2511 magnum,
339 2460 388 2495 nec
400 2451 456 2496 tam
467 2443 587 2495 mirabile
600 2444 751 2511 quidquam,

56 2513 129 2579 Quod
141 2529 197 2566 non
208 2511 340 2582 paulatim
351 2513 472 2566 minuant
484 2513 602 2564 mirarier
613 2529 709 2566 omnes.
