1928 2964
69 137 122 192 124
381 135 409 189 F.
427 134 594 188 LUORF'FII

104 241 240 307 Praeterea,
252 239 362 293 verbum
374 257 442 308 saepe
454 258 536 291 unum
547 239 646 307 perciet
657 252 733 291 aures

71 310 205 377 Omnibus,
217 311 246 361 in
258 309 354 378 populo
367 309 489 360 emissum
500 308 627 377 praeconis
638 307 671 359 ob
683 323 740 360 ore:
790 310 792 314 '

71 379 104 431 In
116 380 212 447 multas
224 379 306 447 igitur
317 395 392 430 voces
404 395 455 430 vox
467 395 521 430 una
532 383 640 444 repente
666 417 673 424 .

71 448 192 517 Diffugit,
204 448 233 499 in
245 448 332 516 privas
344 447 468 515 quoniam
479 464 506 497 se
518 446 613 497 dividit
626 462 709 510 aures,

72 518 219 585 Obsignans
230 517 341 568 formam
353 515 438 568 verbis
450 515 601 582 clarumque
614 531 738 566 sonorem.

71 587 116 652 At,
129 603 187 654 quae
199 603 258 654 pars
271 602 364 637 vocum
375 602 428 636 non
440 602 515 636 aures
527 583 621 635 incidit
632 583 710 650 ipsas,
866 583 915 635 570

72 654 226 707 Praeterlata
238 654 307 722 perit
318 653 417 705 frustra
429 652 525 705 diffusa
536 669 582 721 per
593 668 686 704 auras:

72 722 136 775 Pars
149 723 237 774 solidis
250 723 332 788 allisa,
345 722 412 790 lapis
424 724 523 789 rejecta
534 738 651 773 sonorem

73 791 178 859 Reddit,
191 797 218 844 et
229 791 363 843 interdum
374 792 517 843 frustratur
528 790 643 857 imagine
655 786 736 842 verbi.

343 951 384 1004 Dc
396 952 465 1004 omis
476 949 645 1021 imcyiaidua

110 1061 176 1122 Quae
188 1060 254 1114 bene
266 1080 348 1130 quum
360 1063 455 1129 rideas,
468 1062 596 1114 rationem
608 1062 716 1114 reddere
727 1063 813 1130 possis
913 1068 916 1074 '

74 1130 141 1183 Fute
152 1131 202 1184 tibi
214 1138 294 1199 atque
306 1132 372 1198 aliis,
402 1149 436 1183 uo
448 1137 525 1200 pacto
537 1148 583 1199 per
594 1131 652 1183 loca
664 1131 718 1183 sola

74 1199 144 1252 Saxa
156 1218 230 1269 pares
242 1202 338 1253 formas
350 1149 486 1253 vedborum
498 1218 531 1252 ex
544 1200 634 1252 ordine
645 1201 765 1267 reddant,

75 1268 199 1322 Palantes
211 1271 318 1322 comites
330 1287 412 1338 quum
424 1276 524 1321 montes
536 1270 606 1321 inter
615 1286 707 1336 opacos

76 1339 230 1407 Quaerimus,
243 1345 269 1391 ct
281 1357 378 1406 magna
389 1339 516 1407 dispersos
528 1355 590 1391 voce
603 1338 707 1390 ciemus.

75 1406 128 1460 Sex
139 1408 227 1475 etiam,
240 1413 287 1460 aut
300 1415 399 1477 septem
410 1408 468 1460 loca
479 1407 535 1461 vidi
546 1407 654 1459 reddere
665 1424 748 1474 voces,

76 1476 164 1528 Unam
176 1494 258 1545 quum
266 1479 379 1545 jaceres:
397 1477 436 1529 ita
449 1477 526 1529 colles
538 1476 647 1528 collibus
659 1476 711 1544 ipsi
869 1479 919 1530 580

76 1544 163 1597 Verba
174 1546 337 1613 repulsantes
348 1546 480 1598 iterabant
492 1546 563 1597 dicta
574 1545 672 1598 referri.

112 1614 177 1665 Haec
189 1614 245 1666 loca
257 1615 407 1683 capripedes
420 1615 524 1683 Satyros
536 1615 562 1666 N
562 1615 724 1683 ymphasque
736 1620 828 1669 tenere

77 1682 198 1735 Finitimi
209 1682 323 1750 fingunt,
335 1689 361 1734 et
374 1685 477 1736 Faunos
490 1701 544 1735 esse
556 1684 715 1752 loquuntur3

78 1752 194 1815 Quorum
206 1753 344 1820 noctivago
356 1753 468 1821 strepitu
479 1753 593 1821 ludoque
601 1754 703 1822 jocanti

77 1820 217 1873 Affirmant
229 1821 308 1889 vulgo
321 1823 454 1875 taciturna
466 1821 570 1874 silentia
580 1824 675 1892 rumpi,

79 1889 291 1958 Chordarumque
304 1909 377 1944 sonos
389 1892 446 1943 fieri
458 1892 598 1959 dulcesque
611 1892 736 1960 querelas,

79 1958 154 2012 Tibia
166 1977 229 2028 quas
241 1961 331 2013 fundit
344 1962 433 2029 digitis
446 1960 551 2028 pulsata
562 1968 718 2014 canentum:

79 2028 115 2080 Et
127 2046 210 2097 genus
222 2030 367 2097 agricolum
379 2031 432 2082 late
445 2031 589 2095 sentiscere,
602 2047 684 2098 quum
697 2030 755 2082 Pan

68 2096 162 2151 >Pinea
174 2099 287 2150 semiferi
299 2100 392 2166 capitis
404 2100 534 2152 velamina
547 2115 678 2166 quassans,

80 2167 154 2221 Unco
167 2186 234 2236 sape
246 2168 317 2220 labro
330 2169 442 2220 calamos
454 2169 582 2236 percurrit
594 2168 705 2234 hiantes,
860 2173 921 2224 ⁴590

80 2234 184 2290 Fistula
196 2238 339 2290 silvestrem
351 2255 385 2289 ne
397 2244 479 2290 cesset
490 2238 601 2290 fundere
612 2255 723 2291 musam.

82 2304 173 2358 Cetera
185 2308 217 2358 de
229 2324 323 2373 genere
335 2307 384 2359 hoc
395 2313 511 2358 monstra
523 2324 554 2358 ac
566 2312 688 2374 portenta
699 2307 852 2376 loquuntur,

80 2372 107 2425 N
108 2391 122 2424 e
133 2373 190 2426 loca
202 2375 303 2428 deserta
314 2375 347 2428 ab
359 2376 427 2427 divis
439 2392 541 2444 quoque
552 2376 619 2426 forte
631 2381 758 2443 putentur

82 2441 143 2494 Sola
154 2449 256 2508 tenere3
273 2445 331 2497 ideo
340 2447 445 2513 jactant
456 2443 583 2496 miracula
595 2444 686 2495 dictis:

81 2509 138 2562 Aut
150 2510 237 2579 aliqua
249 2514 350 2565 ratione
362 2514 413 2565 alio
425 2513 566 2577 ducuntur,
579 2518 610 2563 ut
622 2529 698 2564 omne

83 2579 239 2632 Humanum
251 2599 334 2649 genus
346 2588 386 2635 est
398 2580 505 2634 avidum
516 2580 594 2633 nimis
606 2581 790 2636 auricularum.
