1928 2964
338 123 446 176 LIBER
463 121 620 176 TERTIUS.
864 124 898 178 97

57 227 175 292 ‘landem
186 226 216 278 in
227 224 319 277 eodem
330 224 435 276 homine
447 231 527 292 utque
538 226 567 276 in
579 226 670 277 eodem
682 242 742 277 ruse
754 231 879 278 moneret.

58 297 135 360 Quod
147 295 272 363 quonium
283 300 371 344 nostro
383 311 486 360 quoque
498 300 601 346 constet
613 310 718 360 corpore
731 300 832 346 eertum

57 365 273 432 Dispositumque
286 362 398 428 videtur,
412 362 457 413 ubi
469 378 524 413 esse
536 368 563 413 et
575 379 687 414 erescere
699 363 781 429 possit

58 434 180 486 Seorsum
192 432 281 483 enimn
292 438 371 498 utque
383 431 503 493 enimus3
521 436 596 482 tento
608 431 692 496 magis
704 431 883 496 inficiendum,

59 503 156 554 Totum
167 517 241 568 posse
253 504 330 550 extre
341 515 434 565 corpus
447 499 548 565 durare,
560 500 680 566 genique.

59 571 154 635 Quare,
167 585 259 636 eorpus
271 567 318 619 ubi
329 567 438 632 interiit,
451 568 556 634 periisse
568 584 672 618 neeesse
684 573 724 620 est

59 638 205 692 Confiteor-e
217 637 339 702 unimam,
351 636 505 687 distractam
517 636 547 686 in
559 652 663 703 corpore
675 642 738 688 toto.
845 640 898 689 800

96 707 200 774 Quippe
212 705 310 757 etenim
321 704 431 756 mortale
443 710 540 756 aeterno
549 707 667 772 jungere,
680 711 773 758 etune

60 775 213 829 Consentire
224 779 324 841 putere,
336 779 363 824 et
375 773 452 839 fungi
463 780 557 824 mutuu
569 790 649 841 posse,

59 845 184 912 Desipere
196 848 250 905 est;
267 842 332 909 quid
345 841 416 892 enim
427 842 553 892 diversius
565 858 620 893 esse
631 842 780 909 putandum
792 848 838 910 est,

60 916 116 966 Aut
128 912 212 978 magis
222 911 293 962 inter
305 928 331 961 se
344 910 506 976 disjunctum
518 910 748 978 discrepitsnsque,

61 983 147 1045 Quam
158 980 268 1032 mortale
280 979 350 1046 quod
362 986 409 1044 est,
421 979 564 1030 immortali
575 987 655 1046 utque
667 980 777 1046 perenni

58 1050 79 1102 J
80 1055 200 1113 unctum,
212 1049 241 1099 in
253 1048 362 1100 coneilio
374 1063 455 1098 saevas
468 1047 578 1120 tolerare
590 1048 734 1114 procellosi

216 1155 283 1210 Alia
295 1156 371 1223 ratio,
383 1173 463 1225 quare
475 1156 568 1208 anima
577 1156 612 1209 eit
623 1157 748 1210 mortalis.

96 1251 235 1315 Praetereo,
247 1265 416 1316 quercumque
428 1254 536 1300 manent
549 1255 653 1316 aeternu,
666 1266 769 1302 neeesse
781 1254 821 1302 est

61 1319 125 1384 Aut,
138 1319 201 1386 quie
213 1324 274 1369 sunt
286 1317 368 1368 solido
380 1334 441 1368 curn
452 1334 564 1384 corpore,
576 1335 697 1386 respuere
708 1319 785 1384 ictus,

62 1389 118 1440 Nee
129 1392 266 1455 penetrare
278 1387 334 1453 poti
346 1385 395 1436 sibi
407 1386 558 1452 quidquam,
571 1387 640 1453 quod
652 1393 731 1453 queat
743 1394 829 1440 erotus

62 1455 208 1509 Dissociure
220 1456 292 1506 intus
305 1460 407 1521 partes3
425 1459 456 1504 ut
468 1455 589 1506 materiei
845 1459 896 1508 810

63 1525 175 1592 Corpora
187 1529 256 1589 sunt,
269 1539 379 1590 quorum
390 1529 512 1574 naturum
524 1523 683 1576 ostendimus
696 1530 771 1578 unte:

62 1593 119 1645 Aut
130 1593 188 1644 ideo
199 1592 293 1643 durare
304 1597 410 1643 etatem
421 1608 496 1659 posse
508 1609 554 1658 per
565 1609 675 1659 omnem,

63 1661 207 1728 Plngurum
219 1661 281 1727 quie
293 1666 355 1711 sunt
367 1660 501 1728 expertiu3
513 1661 582 1712 sieut
594 1662 672 1713 inune
684 1667 731 1728 est,

63 1730 140 1794 Quod
152 1734 242 1782 munet
253 1729 392 1793 intectum,
404 1746 489 1796 neque
501 1729 534 1780 ab
546 1729 602 1781 ietu
615 1730 736 1797 fungitur
747 1731 845 1783 hilum:

63 1801 120 1851 Aut
131 1798 197 1863 ideo,
209 1797 271 1865 quin
283 1797 358 1848 11an
369 1797 420 1849 loci
431 1797 463 1848 fit
474 1797 549 1864 eopiu
561 1798 667 1864 circum,

64 1869 122 1931 Quo
134 1867 208 1935 quusi
220 1883 261 1917 res
273 1866 373 1934 possint
385 1866 516 1917 discedere
528 1866 698 1934 dissoluique:

63 1935 139 1988 Sicut
151 1952 312 2003 summarum
324 1952 426 1986 summu
438 1940 477 1986 est
489 1940 594 2002 oeternn,
607 1953 690 2004 neque
702 1942 778 1990 extre

63 2005 128 2068 Quis
140 2004 212 2055 loeus
224 2009 271 2069 est,
283 2019 334 2070 quo
346 2003 501 2070 diffugiaut3
520 2020 604 2071 neque
616 2023 723 2073 corpora
735 2012 804 2073 sunt,
816 2011 875 2074 qut

64 2073 169 2124 Possint
180 2072 302 2137 incidere,
315 2078 342 2123 et
353 2072 442 2124 valide
453 2072 592 2124 dissolvere
605 2074 693 2141 plage.

64 2139 118 2207 [At
129 2157 221 2208 neque,
234 2141 275 2192 uti
287 2141 370 2207 docui,
384 2140 466 2192 solido
477 2157 536 2192 cum
549 2159 654 2210 corpore
666 2143 762 2195 mentis
845 2146 895 2194 820

64 2211 89 2261 N
90 2215 168 2262 utura
179 2216 225 2276 est,
238 2209 362 2276 quoniam
374 2209 522 2261 admixtum
534 2212 613 2261 estin
625 2212 701 2262 rebus
713 2212 807 2272 inune5

64 2279 120 2330 Neo
132 2286 222 2330 tumen
233 2283 273 2330 est
285 2285 316 2329 ut
327 2278 421 2341 inene;
439 2295 524 2346 neque
536 2286 626 2331 eutem
638 2297 745 2347 corpora
756 2280 859 2345 desunt,

64 2348 106 2399 Ex
118 2347 223 2398 infinito
235 2364 293 2413 quse
305 2347 405 2414 possint
417 2347 484 2398 forte
495 2354 583 2400 coortu

64 2416 191 2468 Proruere
203 2415 271 2466 huno
284 2415 378 2466 mentis
390 2415 505 2468 violento
517 2417 623 2467 turbiue
633 2416 736 2482 molem,

64 2487 120 2536 Aut
133 2484 214 2536 ulium
226 2484 347 2549 quumvis
359 2483 461 2535 eludem
472 2485 613 2552 importare
625 2484 732 2551 pericli:

65 2553 120 2605 Nee
132 2569 208 2621 porro
221 2558 315 2603 natura
327 2551 378 2602 looi
390 2553 556 2620 spatiumque
569 2553 692 2620 profundi

66 2621 168 2688 Deficit,
181 2621 303 2688 exspergi
315 2637 366 2686 quo
378 2622 459 2687 possit
471 2622 511 2673 vis
523 2622 629 2681 animai,

473 2705 496 2742 u
