1928 2964
338 165 448 219 LIBER
466 165 628 231 QUINTUS.

91 269 173 337 (injus
186 285 233 336 ego
245 267 376 335 ingressus
388 270 507 338 vestigia,
520 270 585 321 dum
596 270 710 321 rationes

56 337 208 407 Persequor,
221 354 252 389 ac
264 337 342 389 doceo
355 338 439 405 dictis,
452 356 502 406 quo
516 356 626 407 quaeque
638 344 725 390 creata

56 408 165 460 Foedere
178 408 239 472 sint,
250 406 280 457 in
292 423 321 457 eo
334 424 413 474 quam
426 407 460 458 sit
473 408 567 459 durare
579 424 721 475 necessum,

56 476 112 530 Nec
124 475 226 529 validas
238 475 288 528 aevi
299 476 405 527 valeant
416 476 561 527 rescindere
574 475 651 543 leges.

313 591 444 645 Actiacam
456 593 576 646 nativam
588 610 644 646 esse.

58 679 117 740 Quo
128 696 223 747 genere
234 679 263 730 in
275 679 366 747 primis
378 679 460 731 animi
471 685 568 731 natura
579 684 683 747 reperta
694 685 742 747 est,
864 682 898 730 60

57 748 156 800 Natiro
168 748 281 817 primum
294 749 433 800 consistere
444 765 549 816 corpore
562 755 641 815 creta,

56 816 84 870 N
84 833 114 868 ec
126 834 200 885 posse
212 817 370 869 incolumem
381 835 508 884 magnum
521 817 614 869 durare
626 834 673 886 per
685 834 782 870 aevum:

57 885 110 939 Sed
122 886 263 938 simulacra
274 886 355 938 solere
367 887 396 938 in
409 887 504 938 somnis
516 886 608 938 fallere
619 892 742 952 mentem,

58 955 170 1008 Cernere
182 973 265 1027 quum
277 955 414 1008 videamur
425 972 492 1022 eum,
506 973 584 1023 quem
597 955 653 1008 vita
664 954 779 1025 reliquit.

232 1049 368 1128 Mundam
379 1084 474 1128 aotam
485 1084 508 1128 et
519 1076 653 1129 mortalem
665 1093 721 1130 esre.

95 1159 172 1223 Quod
184 1167 309 1227 superest,
321 1178 393 1213 nunc
404 1160 458 1213 huc
469 1161 579 1213 rationis
591 1161 688 1213 detulit
701 1161 772 1228 ordo,

14 1253 18 1258 ·
59 1228 98 1282 Ut
110 1228 184 1296 mihi,
196 1229 302 1281 mortali
314 1231 454 1282 consistere
466 1247 571 1298 corpore
582 1230 720 1298 mundum,

58 1297 241 1366 Nativumque
253 1298 338 1364 simul,
350 1299 418 1350 ratio
430 1299 564 1351 reddenda
575 1300 617 1364 sit,
630 1302 692 1352 esse.
781 1350 784 1356 ,

57 1367 96 1420 Et
108 1366 202 1435 quibus
214 1367 259 1418 ille
270 1368 353 1419 modis
365 1384 517 1434 congressus
528 1368 649 1420 materiai

58 1435 192 1488 Fundarit
203 1441 308 1503 terram,
320 1437 423 1504 coelum,
434 1454 513 1503 mare,
526 1437 617 1503 sidera,
630 1435 710 1488 solem

58 1503 200 1572 Irunaique
211 1504 333 1572 globum3
351 1512 411 1558 tum
423 1522 480 1572 quae
493 1506 587 1557 tellure
599 1506 746 1558 animantes
868 1507 901 1559 70

59 1573 228 1640 Exstiterint‚
240 1580 268 1625 et
279 1591 338 1641 quae
350 1574 422 1626 nullo
435 1575 489 1626 sint
500 1580 617 1642 tempore
629 1580 715 1628 natae:

61 1642 152 1706 Quove
163 1643 240 1694 modo
252 1659 335 1710 genus
347 1643 493 1695 humanum
505 1644 625 1697 variante
636 1644 740 1713 loquela

60 1711 174 1780 Coeperit
186 1711 256 1763 inter
268 1729 295 1764 se
307 1712 376 1764 vesci
388 1729 434 1780 per
446 1712 553 1764 nomina
563 1730 664 1765 rerum:

59 1780 97 1833 Et
109 1780 204 1848 quibus
217 1781 262 1832 ille
274 1781 358 1832 modis
370 1781 463 1834 divom
474 1787 560 1832 metus
572 1781 712 1834 insinuarit

59 1847 177 1916 Pectora,
191 1856 320 1902 terrarum
332 1851 418 1918 quiin
431 1850 486 1901 orbi
499 1858 590 1902 sancta
601 1857 693 1902 tuetur

59 1917 143 1985 Fene,
155 1918 235 1985 lacus,
247 1919 327 1986 lucos,
340 1936 405 1986 aras,
418 1919 608 1988 simulacraque
620 1918 719 1972 divim.

314 2031 355 2085 De
366 2031 429 2084 eolis
440 2031 558 2102 lanceque
570 2049 655 2086 corso.

95 2117 234 2185 Praeterea,
246 2117 307 2170 solis
319 2135 411 2169 cursus
423 2117 546 2184 lunaeque
558 2124 660 2170 meatus

59 2187 216 2256 Expediem,
229 2205 281 2254 qua
293 2187 320 2238 vi
331 2187 421 2238 flectat
434 2195 530 2238 natura
541 2188 704 2254 gubernans:

59 2256 101 2308 Ne
113 2257 181 2308 forte
193 2256 250 2308 haec
261 2257 332 2308 inter
344 2257 439 2308 coelum
452 2262 600 2324 terramque
611 2273 715 2308 reamur

59 2325 155 2378 Libera
167 2330 259 2392 sponte
272 2342 319 2376 sua
331 2342 421 2376 cursus
433 2324 544 2376 lustrare
557 2341 690 2392 perennes,
867 2325 901 2376 80

59 2393 193 2462 Morigera
204 2393 239 2446 ad
250 2394 339 2460 fruges
350 2393 484 2460 augendas
497 2401 576 2460 atque
588 2393 748 2444 animantes:

58 2462 134 2515 Neve
146 2463 235 2531 aliqua
246 2463 339 2514 divim
351 2462 421 2514 volvi
432 2463 533 2513 ratione
546 2468 675 2529 putemus.
899 2524 902 2529 Ι

59 2532 140 2598 Nam,
152 2530 218 2584 bene
230 2532 277 2599 qui
289 2531 409 2596 didicere,
421 2531 489 2583 Deos
502 2547 622 2581 securum
634 2546 710 2597 agere
723 2546 817 2598 aevum,

59 2599 89 2654 Si
101 2607 192 2652 tamen
203 2601 304 2652 interea
316 2599 453 2666 mirantur,
467 2616 519 2666 qna
530 2599 632 2650 ratione

59 2669 176 2738 Quaeque
188 2670 245 2737 geri
256 2669 364 2736 possint,
376 2669 520 2737 praesertim
532 2667 609 2720 rebus
621 2667 727 2737 inillis,
