1928 2964
71 159 108 209 30
202 204 205 209 ⁴
387 157 415 212 Ψ.
428 157 597 214 uuquam

71 273 214 327 Arboribus
226 280 314 326 vicina
325 276 463 328 cacumina
476 293 578 328 summa
590 281 712 329 terantur

72 343 146 395 Inter
158 361 192 409 sc,
205 344 300 396 validis
311 343 397 396 facere
409 344 437 395 id
450 344 603 411 cogentibus
615 344 729 413 Austris,

71 411 161 464 Donec
172 413 304 464 fulserunt
316 412 429 464 flammae
441 413 543 480 fulgore
555 419 656 465 coorto:

72 480 185 547 Scilicet,
198 488 224 533 et
237 499 289 533 non
301 488 341 533 est
353 482 432 548 lignis
445 488 533 534 tamen
546 483 642 534 insitus
654 482 664 535 i
683 483 731 551 nis,

73 549 171 601 Verum
184 551 283 602 semina
296 556 358 602 sunt
370 550 469 603 ardoris
480 552 573 615 multa,
587 499 695 604 terendo

73 618 137 680 Quae
149 636 232 686 quum
244 620 398 685 confluxere,
411 626 502 672 creant
513 620 635 672 incendia
647 620 727 675 silvis.

73 685 148 750 Quod
161 688 183 738 si
194 688 266 739 facta
277 689 345 740 foret
357 688 429 741 silvis
441 688 593 741 abscondita
604 689 718 757 flamma,

72 755 132 807 Non
145 762 249 823 possent
261 757 346 808 ullum
359 758 479 825 tempusb
491 758 599 810 celarier
610 759 702 826 ignes:

75 822 235 878 Uouficerent
247 826 326 894 vulgo
339 826 425 893 silvas,
436 826 544 879 arbusta
556 832 709 880 cremarent.

109 898 128 949 J
129 914 206 948 amne
218 897 290 951 vides
302 897 391 961 igitur,
404 897 483 965 paulo
495 897 565 964 quod
578 896 693 949 diximus
705 903 775 966 ante,

75 965 216 1031 Permagni
227 964 330 1030 referre,
344 965 434 1017 eadem
447 966 589 1033 primordia
601 982 671 1033 saepe

75 1034 142 1086 (lum
154 1034 256 1102 quibus,
268 1040 296 1086 et
308 1034 380 1102 quali
392 1035 510 1103 positura
522 1035 715 1102 contineantur,

75 1102 111 1156 Et
123 1121 187 1172 quos
199 1104 269 1155 inter
281 1121 308 1156 se
320 1104 384 1155 dent
395 1111 491 1166 motus,
503 1104 700 1172 accipiantque:

75 1173 164 1241 Atque
176 1173 268 1226 eadem
280 1173 359 1241 paulo
368 1173 438 1224 inter
450 1190 477 1224 se
489 1180 593 1225 mutata
605 1189 693 1224 creare

76 1242 155 1311 Ignes
168 1260 182 1295 e
194 1243 281 1310 lignis,
295 1259 346 1311 quo
358 1247 435 1310 pacto
447 1241 527 1294 verba
539 1258 642 1310 quoque
654 1242 712 1309 ipsa

76 1312 151 1365 Inter
163 1329 189 1363 se
201 1313 281 1381 paulo
293 1312 404 1364 mutatis
417 1317 479 1362 sunt
492 1311 636 1377 elementis,
670 1315 672 1319 ’

76 1381 166 1444 Quum
177 1381 252 1448 ligna
263 1387 342 1449 atque
353 1381 427 1448 ignes
440 1380 566 1432 distincta
577 1396 640 1431 voce
652 1383 779 1432 notemus.

110 1450 238 1518 Denique,
247 1453 305 1518 jam
317 1467 487 1518 quaecumque
499 1450 527 1500 in
540 1449 617 1501 rebus
629 1448 713 1500 cernis
725 1449 832 1518 apertis,

76 1517 105 1570 Si
116 1518 173 1570 fieri
185 1536 238 1570 non
250 1535 324 1587 posse
337 1525 423 1586 putas,
436 1519 501 1587 quin
513 1519 636 1571 materiai

76 1588 188 1656 Corpora
200 1587 329 1640 consimili
340 1594 437 1640 natura
448 1589 560 1656 praedita
571 1587 663 1655 fingas,

76 1656 136 1709 Hac
147 1657 249 1708 ratione
261 1656 311 1709 tibi
321 1663 431 1725 pereunt
444 1658 586 1725 primordia
597 1674 699 1709 rerum:

77 1725 143 1792 Fiet,
157 1726 198 1778 uti
209 1727 264 1778 risu
277 1726 389 1778 tremulo
402 1744 527 1778 concussa
540 1726 705 1791 cachinnent,

76 1794 112 1846 Et
123 1795 246 1863 lacrymis
258 1796 332 1848 salsis
344 1795 498 1847 humectent
510 1813 555 1848 cra
567 1812 705 1863 genasque.

110 1864 136 1916 N
137 1882 189 1916 unc
201 1881 258 1932 age,
268 1865 337 1933 quod
350 1870 474 1934 superest,
486 1882 618 1932 cognosce,
626 1872 653 1916 et
665 1864 761 1916 clarius
773 1864 849 1918 audi:

75 1932 102 1984 N
103 1950 132 1985 ec
143 1951 185 1985 me
197 1934 280 1985 animi
291 1935 369 2001 fallit,
382 1951 462 2002 quam
475 1935 527 1986 siut
540 1935 662 1997 obscura;
681 1934 727 1986 sed
739 1934 794 1986 acri

76 2001 208 2054 Percussit
220 2004 310 2071 thyrso
323 2004 410 2055 laudis
423 2021 480 2072 spes
491 2020 589 2070 magna
600 2021 689 2055 meum
701 2021 752 2070 cor,

76 2069 112 2122 lit
124 2072 202 2123 simul
214 2073 325 2124 incussit
337 2090 443 2124 suavem
455 2073 493 2126 mi
505 2074 533 2123 in
547 2079 638 2140 pectus
650 2090 765 2125 amorem

76 2139 227 2193 Musarum:
246 2159 296 2209 quo
308 2159 380 2194 nunc
392 2142 533 2193 instinctus
546 2147 634 2194 mente
646 2142 748 2210 vigenti

76 2209 145 2262 Avia
157 2210 291 2263 Pieridum
302 2228 410 2279 peragro
422 2211 486 2278 loca,
498 2211 598 2262 nullius
611 2217 673 2263 ante

76 2278 151 2333 Trita
163 2280 229 2333 solo:
244 2282 322 2348 juvat
334 2281 449 2347 integros
462 2280 583 2332 accedere
596 2280 688 2347 fontes,

76 2347 165 2416 Atque
177 2350 296 2413 haurire3
310 2350 440 2430 juvatque
451 2367 531 2402 novos
543 2350 680 2417 decerpere
691 2350 774 2415 fiores,

77 2416 264 2486 insignemque
276 2435 333 2469 meo
346 2418 427 2486 capiti
440 2425 528 2486 petere
540 2418 602 2470 inde
615 2437 743 2487 coronam,

77 2485 154 2538 Unde
167 2488 239 2555 prius
251 2487 319 2539 nulli
331 2488 446 2538 velarint
459 2493 576 2555 tempora
588 2488 680 2540 Musae.

78 2553 204 2621 Primum,
217 2556 286 2624 quod
298 2557 401 2622 magnis
413 2557 492 2607 doceo
505 2557 537 2607 de
549 2555 632 2623 rebus,
645 2564 673 2609 et
684 2558 764 2610 arctis

80 2623 246 2692 Religionum
257 2625 377 2678 animum
388 2625 463 2676 nodis
477 2627 607 2678 exsolvere
619 2643 713 2695 pergo:

411 2715 420 2743 '³
435 2719 521 2771 inmen3
535 2719 583 2760 MS.
