1928 2964
205 126 223 192 s
518 141 547 195 r.
565 141 733 195 nocarrn

473 281 555 336 Nihil
567 282 597 336 dc
609 283 698 336 nihilo
708 283 796 353 pipai.

204 375 314 428 Nullam
326 391 382 426 rem
393 391 408 427 e
420 375 504 427 nihilo
516 376 591 442 gigni
603 375 732 428 divinitus
746 394 871 444 unquam.

205 444 856 578 tirradiantur”trior

205 582 324 646 Quorum
336 599 444 649 operum
456 599 547 634 causas
559 582 634 634 nulla
645 531 747 634 rhtione
759 554 848 635 vider'e

205 649 327 717 Possunt,
339 667 369 702 ac
381 650 438 702 fieri
450 650 540 703 divino
552 651 660 702 numine
672 658 771 703 rentur.

205 719 276 784 Quas
289 718 322 770 ob
333 736 381 786 res,
394 718 440 770 ubi
452 719 594 771 viderimus
606 720 645 770 nil
657 736 731 787 posse
743 720 825 772 creari

204 786 245 840 De
256 788 348 854 nihilo,
360 794 427 854 tum,
439 788 508 856 quod
521 788 662 856 sequimur,
671 790 729 855 jam
740 789 836 841 rectius
849 790 912 842 inde

205 855 402 925 Perspiciamus,
415 862 442 908 et
455 856 524 909 unde
536 863 617 924 queat
628 874 670 909 res
682 874 792 925 quaeque
804 859 894 925 creari,

205 925 241 978 Et
254 941 305 992 quo
318 942 426 994 quaque
438 925 515 977 modo
526 927 593 978 fiant
605 943 683 994 opera
695 927 750 978 sine
762 925 862 979 divium

239 994 316 1061 Nam,
329 995 351 1046 si
362 994 395 1046 de
406 994 490 1046 nihilo
502 995 601 1062 fierent,
614 1013 648 1047 ex
660 995 774 1046 omnibu'
786 995 865 1047 rebus

206 1063 291 1116 Omne
302 1081 385 1130 genus
397 1063 470 1115 nasci
482 1070 569 1131 posset
576 1083 584 1128 ;
601 1065 641 1115 nil
653 1065 751 1115 semine
764 1070 865 1130 egeret:

204 1131 228 1184 E
239 1150 311 1186 mare
323 1133 439 1201 primum
449 1132 575 1199 homines,
588 1150 602 1184 e
614 1138 684 1185 terra
695 1137 782 1200 posset
795 1132 858 1183 oriri

204 1201 406 1271 squamigerum
418 1218 500 1269 genus
512 1208 540 1253 et
551 1201 684 1265 volucres3
702 1217 838 1268 erumpere
850 1201 915 1254 coelo

204 1271 333 1324 Armenta
344 1278 424 1339 atque
436 1270 495 1322 aliae
508 1271 633 1338 pecudes;
652 1286 735 1337 genus
747 1286 823 1322 omne
835 1269 951 1323 ferarum

205 1339 311 1393 Incerto
323 1346 402 1408 partu
414 1339 486 1391 culta
498 1356 529 1391 ac
541 1340 643 1392 deserta
654 1345 788 1391 tenerent:

56 1396 59 1421 ²
82 1434 83 1444 κ
109 1470 112 1475 ,
204 1408 260 1461 Nec
270 1405 374 1460 'fructus
385 1407 466 1459 iidem
477 1407 611 1460 arboribus
624 1414 742 1460 constare
755 1407 875 1474 solerent,

204 1475 256 1529 Sed
267 1482 448 1529 mutarentur:
465 1476 534 1528 ferre
546 1494 634 1528 omnes
647 1477 734 1528 omnia
746 1481 858 1545 possent.

205 1545 316 1628 Quippe,
328 1543 374 1595 ubi
386 1561 439 1596 non
451 1551 536 1597 essent
547 1546 674 1626 genitalia
686 1561 792 1613 corpora
804 1545 907 1612 cuique,

203 1614 776 1750 ltztztiletttlifflsstttlttlt
783 1614 912 1749 ironia,

204 1749 271 1803 Inde
283 1750 414 1803 enascitur
426 1756 505 1817 atque
517 1768 574 1804 oras
585 1753 614 1804 in
626 1751 734 1803 luminis
746 1752 810 1818 exit,

203 1817 328 1872 Materies
340 1819 386 1870 uhi
398 1820 466 1872 inest
479 1823 604 1889 cujusque
617 1827 644 1873 et
656 1838 763 1888 corpora
774 1821 872 1888 prima:

203 1889 291 1958 Atque
302 1888 352 1940 hac
363 1905 391 1940 rc
400 1895 536 1958 nequeunt
548 1907 581 1942 ex
593 1889 714 1941 omnibus
726 1890 814 1942 omnia
825 1889 907 1956 gigni,

204 1957 280 2021 Quod
292 1957 369 2010 certis
380 1958 409 2008 in
421 1959 498 2010 rebus
510 1959 579 2011 inest
591 1966 690 2011 secreta
701 1958 821 2011 facultas.

238 2027 374 2092 Praeterea,
387 2044 434 2078 cur
445 2045 505 2080 vere
517 2044 609 2093 rosam,
622 2028 756 2080 frumenta
769 2027 861 2093 calore,

204 2095 278 2148 Vites
290 2103 417 2148 autumno
429 2096 507 2148 fundi
519 2096 645 2148 suadente
657 2095 790 2159 videmus3

202 2164 231 2218 Si
243 2182 302 2232 non,
315 2170 386 2217 certa
399 2181 445 2216 suo
457 2166 520 2233 quia
531 2171 648 2232 tempore
660 2165 759 2217 semina
770 2183 858 2219 rerum

203 2234 291 2298 Quum
303 2232 494 2300 conduxerunt,
506 2233 599 2302 patefit
611 2234 742 2301 quodcum
759 2252 793 2286 ue
805 2243 917 2302 creatur,

202 2300 273 2354 Dum
286 2307 454 2370 tempestates
466 2303 571 2368 adsunt,
583 2308 610 2354 et
622 2303 712 2355 vivida
723 2251 803 2356 tellus

202 2370 270 2424 'luto
281 2388 322 2423 res
334 2377 437 2423 teneras
449 2371 523 2422 effert
535 2371 563 2422 in
575 2371 683 2423 luminis
695 2372 769 2424 crasi

203 2439 278 2504 Quod
290 2440 312 2492 si
324 2439 358 2492 de
369 2439 452 2491 nihilo
463 2439 564 2506 fierent,
577 2439 663 2493 subito
675 2447 845 2494 exorerentur

202 2507 306 2560 Incerto
319 2526 330 2560 s
365 2508 410 2574 tio,
423 2514 502 2576 atque
514 2508 606 2560 alienis
618 2508 738 2576 partibus
750 2511 827 2563 anni:

202 2577 305 2657 Quippe
317 2595 335 2629 u
352 2577 363 2628 i
374 2577 450 2631 nulla
461 2578 548 2630 forent
559 2577 708 2658 primordia,
721 2594 780 2645 quae
791 2580 903 2646 genitali

77 2634 80 2688 l
170 2701 172 2705 ,
202 2645 317 2699 Concilio
328 2652 434 2715 possent
445 2646 529 2699 arceri
540 2652 656 2714 tempore
668 2646 766 2716 iniquo.
