<?xml version="1.0" encoding="UTF-8"?>
<!DOCTYPE html PUBLIC "-//W3C//DTD XHTML 1.0 Transitional//EN"
    "http://www.w3.org/TR/xhtml1/DTD/xhtml1-transitional.dtd">
<html xmlns="http://www.w3.org/1999/xhtml" xml:lang="en" lang="en">
 <head>
  <title>
</title>
<meta http-equiv="Content-Type" content="text/html;charset=utf-8" />
  <meta name='ocr-system' content='tesseract 3.04.00' />
  <meta name='ocr-capabilities' content='ocr_page ocr_carea ocr_par ocr_line ocrx_word'/>
</head>
<body>
  <div class='ocr_page' id='page_1' title='image "./tlucretiicaride03carugoog_0228.png"; bbox 0 0 1928 2964; ppageno 0'>
   <div class='ocr_carea' id='block_1_1' title="bbox 360 121 911 176">
    <p class='ocr_par' dir='ltr' id='par_1_1' title="bbox 360 121 911 176">
     <span class='ocr_line' id='line_1_1' title="bbox 360 121 911 176; baseline 0.005 -3"><span class='ocrx_word' id='word_1_1' title='bbox 360 121 470 174; x_wconf 79' lang='lat' dir='ltr'><strong>LIBER</strong></span> <span class='ocrx_word' id='word_1_2' title='bbox 485 121 626 175; x_wconf 79' lang='lat' dir='ltr'>SEXTUS.</span> <span class='ocrx_word' id='word_1_3' title='bbox 860 126 911 176; x_wconf 76' lang='lat'><strong>196</strong></span> 
     </span>
    </p>
   </div>
   <div class='ocr_carea' id='block_1_2' title="bbox 68 219 909 1031">
    <p class='ocr_par' dir='ltr' id='par_1_2' title="bbox 72 219 713 290">
     <span class='ocr_line' id='line_1_2' title="bbox 72 219 713 290; baseline 0.005 -18"><span class='ocrx_word' id='word_1_4' title='bbox 72 219 184 288; x_wconf 81' lang='lat' dir='ltr'><strong>Insuper</strong></span> <span class='ocrx_word' id='word_1_5' title='bbox 194 236 250 272; x_wconf 88' lang='lat' dir='ltr'><strong>esse</strong></span> <span class='ocrx_word' id='word_1_6' title='bbox 262 220 321 273; x_wconf 89' lang='lat' dir='ltr'><strong>aliis</strong></span> <span class='ocrx_word' id='word_1_7' title='bbox 333 222 392 288; x_wconf 88' lang='lat' dir='ltr'><strong>alia,</strong></span> <span class='ocrx_word' id='word_1_8' title='bbox 404 227 484 290; x_wconf 86' lang='lat' dir='ltr'><strong>atque</strong></span> <span class='ocrx_word' id='word_1_9' title='bbox 497 240 588 289; x_wconf 87' lang='lat' dir='ltr'><strong>urgere</strong></span> <span class='ocrx_word' id='word_1_10' title='bbox 601 240 713 290; x_wconf 87' lang='lat' dir='ltr'><strong>superna</strong></span> 
     </span>
    </p>

    <p class='ocr_par' dir='ltr' id='par_1_3' title="bbox 72 289 686 358">
     <span class='ocr_line' id='line_1_3' title="bbox 72 289 686 358; baseline 0 -16"><span class='ocrx_word' id='word_1_11' title='bbox 72 289 105 342; x_wconf 94' lang='lat' dir='ltr'><strong>In</strong></span> <span class='ocrx_word' id='word_1_12' title='bbox 117 291 230 345; x_wconf 88' lang='lat' dir='ltr'><strong>statione</strong></span> <span class='ocrx_word' id='word_1_13' title='bbox 239 289 327 343; x_wconf 86' lang='lat' dir='ltr'><strong>&#39;locata</strong></span> <span class='ocrx_word' id='word_1_14' title='bbox 338 291 447 358; x_wconf 73' lang='lat' dir='ltr'><strong>sepultis</strong></span> <span class='ocrx_word' id='word_1_15' title='bbox 458 291 576 357; x_wconf 88' lang='lat' dir='ltr'><strong>undique</strong></span> <span class='ocrx_word' id='word_1_16' title='bbox 588 292 686 343; x_wconf 83' lang='lat' dir='ltr'><strong>ventis:</strong></span> 
     </span>
    </p>

    <p class='ocr_par' dir='ltr' id='par_1_4' title="bbox 68 357 909 1031">
     <span class='ocr_line' id='line_1_4' title="bbox 72 357 732 426; baseline 0.003 -17"><span class='ocrx_word' id='word_1_17' title='bbox 72 357 138 409; x_wconf 73' lang='lat' dir='ltr'><strong>Tum</strong></span> <span class='ocrx_word' id='word_1_18' title='bbox 150 359 247 426; x_wconf 86' lang='lat' dir='ltr'><strong>poteris</strong></span> <span class='ocrx_word' id='word_1_19' title='bbox 258 376 367 426; x_wconf 85' lang='lat' dir='ltr'><strong>magnas</strong></span> <span class='ocrx_word' id='word_1_20' title='bbox 378 359 459 411; x_wconf 91' lang='lat' dir='ltr'><strong>moles</strong></span> <span class='ocrx_word' id='word_1_21' title='bbox 471 377 624 426; x_wconf 81' lang='lat' dir='ltr'><strong>cognoscere</strong></span> <span class='ocrx_word' id='word_1_22' title='bbox 636 377 732 426; x_wconf 89' lang='lat' dir='ltr'><strong>eorum,</strong></span> 
     </span>
     <span class='ocr_line' id='line_1_5' title="bbox 71 426 737 497; baseline 0.005 -18"><span class='ocrx_word' id='word_1_23' title='bbox 71 426 266 494; x_wconf 68' lang='lat' dir='ltr'><strong>speluncasque</strong></span> <span class='ocrx_word' id='word_1_24' title='bbox 277 427 350 480; x_wconf 83' lang='lat' dir='ltr'><strong>velut</strong></span> <span class='ocrx_word' id='word_1_25' title='bbox 362 429 431 479; x_wconf 87' lang='lat' dir='ltr'><strong>saxis</strong></span> <span class='ocrx_word' id='word_1_26' title='bbox 444 429 612 497; x_wconf 83' lang='lat' dir='ltr'><strong>pendentibu&#39;</strong></span> <span class='ocrx_word' id='word_1_27' title='bbox 625 435 737 482; x_wconf 87' lang='lat' dir='ltr'><strong>structas</strong></span> 
     </span>
     <span class='ocr_line' id='line_1_6' title="bbox 72 495 729 564; baseline 0.005 -17"><span class='ocrx_word' id='word_1_28' title='bbox 72 495 188 562; x_wconf 80' lang='lat' dir='ltr'><strong>Cernere,</strong></span> <span class='ocrx_word' id='word_1_29' title='bbox 201 513 266 564; x_wconf 88' lang='lat' dir='ltr'><strong>quas</strong></span> <span class='ocrx_word' id='word_1_30' title='bbox 278 497 351 548; x_wconf 86' lang='lat' dir='ltr'><strong>venti</strong></span> <span class='ocrx_word' id='word_1_31' title='bbox 363 513 454 564; x_wconf 90' lang='lat' dir='ltr'><strong>quum,</strong></span> <span class='ocrx_word' id='word_1_32' title='bbox 466 503 622 564; x_wconf 78' lang='lat' dir='ltr'><strong>tempestate</strong></span> <span class='ocrx_word' id='word_1_33' title='bbox 634 505 729 564; x_wconf 86' lang='lat' dir='ltr'><strong>coorta,</strong></span> 
     </span>
     <span class='ocr_line' id='line_1_7' title="bbox 72 564 781 633; baseline 0.004 -17"><span class='ocrx_word' id='word_1_34' title='bbox 72 564 248 633; x_wconf 77' lang='lat' dir='ltr'><strong>Complerunt,</strong></span> <span class='ocrx_word' id='word_1_35' title='bbox 260 582 356 632; x_wconf 87' lang='lat' dir='ltr'><strong>magno</strong></span> <span class='ocrx_word' id='word_1_36' title='bbox 367 565 540 632; x_wconf 86' lang='lat' dir='ltr'><strong>indignantur</strong></span> <span class='ocrx_word' id='word_1_37' title='bbox 551 584 685 618; x_wconf 90' lang='lat' dir='ltr'><strong>murmure</strong></span> <span class='ocrx_word' id='word_1_38' title='bbox 698 567 781 620; x_wconf 79' lang='lat' dir='ltr'><strong>clausi</strong></span> 
     </span>
     <span class='ocr_line' id='line_1_8' title="bbox 70 632 759 700; baseline 0.007 -16"><span class='ocrx_word' id='word_1_39' title='bbox 70 632 200 700; x_wconf 87' lang='lat' dir='ltr'><strong>Nubibus,</strong></span> <span class='ocrx_word' id='word_1_40' title='bbox 212 634 241 685; x_wconf 90' lang='lat' dir='ltr'><strong>in</strong></span> <span class='ocrx_word' id='word_1_41' title='bbox 253 635 390 700; x_wconf 78' lang='lat' dir='ltr'><strong>caveisque</strong></span> <span class='ocrx_word' id='word_1_42' title='bbox 402 635 517 686; x_wconf 85' lang='lat' dir='ltr'><strong>ferarum</strong></span> <span class='ocrx_word' id='word_1_43' title='bbox 528 652 599 687; x_wconf 88' lang='lat' dir='ltr'><strong>more</strong></span> <span class='ocrx_word' id='word_1_44' title='bbox 610 636 759 689; x_wconf 85' lang='lat' dir='ltr'><strong>minantur:</strong></span> 
     </span>
     <span class='ocr_line' id='line_1_9' title="bbox 70 701 830 771; baseline 0.007 -18"><span class='ocrx_word' id='word_1_45' title='bbox 70 701 150 753; x_wconf 88' lang='lat' dir='ltr'><strong>Nunc</strong></span> <span class='ocrx_word' id='word_1_46' title='bbox 161 703 231 768; x_wconf 90' lang='lat' dir='ltr'><strong>hinc,</strong></span> <span class='ocrx_word' id='word_1_47' title='bbox 241 719 315 754; x_wconf 88' lang='lat' dir='ltr'><strong>nunc</strong></span> <span class='ocrx_word' id='word_1_48' title='bbox 326 703 400 754; x_wconf 91' lang='lat' dir='ltr'><strong>illinc</strong></span> <span class='ocrx_word' id='word_1_49' title='bbox 411 703 532 755; x_wconf 79' lang='lat' dir='ltr'><strong>fremitus</strong></span> <span class='ocrx_word' id='word_1_50' title='bbox 543 721 591 771; x_wconf 92' lang='lat' dir='ltr'><strong>per</strong></span> <span class='ocrx_word' id='word_1_51' title='bbox 602 703 692 756; x_wconf 86' lang='lat' dir='ltr'><strong>nubila</strong></span> <span class='ocrx_word' id='word_1_52' title='bbox 703 705 830 758; x_wconf 84' lang='lat' dir='ltr'><strong>mittunt:</strong></span> 
     </span>
     <span class='ocr_line' id='line_1_10' title="bbox 71 770 909 840; baseline 0.004 -18"><span class='ocrx_word' id='word_1_53' title='bbox 71 770 276 838; x_wconf 81' lang='lat' dir='ltr'><strong>Quaerentesque</strong></span> <span class='ocrx_word' id='word_1_54' title='bbox 288 772 359 823; x_wconf 83' lang='lat' dir='ltr'><strong>riam</strong></span> <span class='ocrx_word' id='word_1_55' title='bbox 371 772 615 838; x_wconf 85' lang='lat' dir='ltr'><strong>circumversantur,</strong></span> <span class='ocrx_word' id='word_1_56' title='bbox 628 785 655 824; x_wconf 85' lang='lat' dir='ltr'><strong>et</strong></span> <span class='ocrx_word' id='word_1_57' title='bbox 667 774 736 840; x_wconf 85' lang='lat' dir='ltr'><strong>ignis</strong></span> <span class='ocrx_word' id='word_1_58' title='bbox 858 777 909 825; x_wconf 96' lang='grc'><strong>200</strong></span> 
     </span>
     <span class='ocr_line' id='line_1_11' title="bbox 68 838 773 909; baseline 0.006 -18"><span class='ocrx_word' id='word_1_59' title='bbox 68 838 177 893; x_wconf 80' lang='lat' dir='ltr'><strong>Semina</strong></span> <span class='ocrx_word' id='word_1_60' title='bbox 189 839 348 892; x_wconf 82' lang='lat' dir='ltr'><strong>convolvunt</strong></span> <span class='ocrx_word' id='word_1_61' title='bbox 360 856 375 892; x_wconf 89' lang='lat' dir='ltr'><strong>e</strong></span> <span class='ocrx_word' id='word_1_62' title='bbox 386 840 514 892; x_wconf 87' lang='lat' dir='ltr'><strong>nubibus:</strong></span> <span class='ocrx_word' id='word_1_63' title='bbox 532 848 611 908; x_wconf 90' lang='lat' dir='ltr'><strong>atque</strong></span> <span class='ocrx_word' id='word_1_64' title='bbox 623 842 662 893; x_wconf 92' lang='lat' dir='ltr'><strong>ita</strong></span> <span class='ocrx_word' id='word_1_65' title='bbox 674 849 773 909; x_wconf 87' lang='lat' dir='ltr'><strong>cogunt</strong></span> 
     </span>
     <span class='ocr_line' id='line_1_12' title="bbox 69 907 796 978; baseline 0.007 -19"><span class='ocrx_word' id='word_1_66' title='bbox 69 907 166 975; x_wconf 84' lang='lat' dir='ltr'><strong>Multa,</strong></span> <span class='ocrx_word' id='word_1_67' title='bbox 178 914 319 976; x_wconf 76' lang='lat' dir='ltr'><strong>rotantque</strong></span> <span class='ocrx_word' id='word_1_68' title='bbox 331 909 401 961; x_wconf 84' lang='lat' dir='ltr'><strong>caris</strong></span> <span class='ocrx_word' id='word_1_69' title='bbox 413 909 546 960; x_wconf 88' lang='lat' dir='ltr'><strong>flammam</strong></span> <span class='ocrx_word' id='word_1_70' title='bbox 557 910 706 962; x_wconf 87' lang='lat' dir='ltr'><strong>fornacibus</strong></span> <span class='ocrx_word' id='word_1_71' title='bbox 717 911 796 978; x_wconf 88' lang='lat' dir='ltr'><strong>intus,</strong></span> 
     </span>
     <span class='ocr_line' id='line_1_13' title="bbox 69 976 616 1031; baseline 0.004 -2"><span class='ocrx_word' id='word_1_72' title='bbox 69 976 160 1030; x_wconf 90' lang='lat' dir='ltr'><strong>Donec</strong></span> <span class='ocrx_word' id='word_1_73' title='bbox 171 977 275 1030; x_wconf 79' lang='lat' dir='ltr'><strong>divrrlea</strong></span> <span class='ocrx_word' id='word_1_74' title='bbox 285 977 418 1030; x_wconf 88' lang='lat' dir='ltr'><strong>fulserunt</strong></span> <span class='ocrx_word' id='word_1_75' title='bbox 429 978 499 1030; x_wconf 93' lang='lat' dir='ltr'><strong>nube</strong></span> <span class='ocrx_word' id='word_1_76' title='bbox 511 979 616 1031; x_wconf 86' lang='lat' dir='ltr'><strong>corusci.</strong></span> 
     </span>
    </p>
   </div>
   <div class='ocr_carea' id='block_1_3' title="bbox 106 1125 727 1277">
    <p class='ocr_par' dir='ltr' id='par_1_5' title="bbox 106 1125 727 1277">
     <span class='ocr_line' id='line_1_14' title="bbox 255 1125 727 1195; baseline 0.002 -15"><span class='ocrx_word' id='word_1_77' title='bbox 255 1125 295 1180; x_wconf 83' lang='lat' dir='ltr'><strong>De</strong></span> <span class='ocrx_word' id='word_1_78' title='bbox 307 1126 419 1180; x_wconf 66' lang='lat' dir='ltr'><strong>aubibus</strong></span> <span class='ocrx_word' id='word_1_79' title='bbox 429 1126 529 1180; x_wconf 71' lang='lat' dir='ltr'><strong>amica</strong></span> <span class='ocrx_word' id='word_1_80' title='bbox 541 1126 629 1195; x_wconf 73' lang='lat' dir='ltr'><strong>ignita</strong></span> <span class='ocrx_word' id='word_1_81' title='bbox 641 1127 727 1181; x_wconf 72' lang='lat' dir='ltr'><strong>inesse.</strong></span> 
     </span>
     <span class='ocr_line' id='line_1_15' title="bbox 106 1223 659 1277; baseline 0 -1"><span class='ocrx_word' id='word_1_82' title='bbox 106 1223 165 1276; x_wconf 87' lang='lat' dir='ltr'><strong>Hac</strong></span> <span class='ocrx_word' id='word_1_83' title='bbox 177 1223 257 1276; x_wconf 89' lang='lat' dir='ltr'><strong>etiam</strong></span> <span class='ocrx_word' id='word_1_84' title='bbox 269 1224 300 1277; x_wconf 85' lang='lat' dir='ltr'><strong>lit</strong></span> <span class='ocrx_word' id='word_1_85' title='bbox 311 1225 353 1277; x_wconf 91' lang='lat' dir='ltr'><strong>uti</strong></span> <span class='ocrx_word' id='word_1_86' title='bbox 365 1225 397 1277; x_wconf 91' lang='lat' dir='ltr'><strong>de</strong></span> <span class='ocrx_word' id='word_1_87' title='bbox 409 1241 488 1276; x_wconf 88' lang='lat' dir='ltr'><strong>causa</strong></span> <span class='ocrx_word' id='word_1_88' title='bbox 500 1223 602 1275; x_wconf 85' lang='lat' dir='ltr'><strong>mobilis</strong></span> <span class='ocrx_word' id='word_1_89' title='bbox 614 1223 659 1276; x_wconf 93' lang='lat' dir='ltr'><strong>ille</strong></span> 
     </span>
    </p>
   </div>
   <div class='ocr_carea' id='block_1_4' title="bbox 69 1292 741 1483">
    <p class='ocr_par' dir='ltr' id='par_1_6' title="bbox 69 1292 741 1483">
     <span class='ocr_line' id='line_1_16' title="bbox 69 1292 718 1360; baseline -0.003 -15"><span class='ocrx_word' id='word_1_90' title='bbox 69 1293 181 1345; x_wconf 87' lang='lat' dir='ltr'><strong>Devolet</strong></span> <span class='ocrx_word' id='word_1_91' title='bbox 192 1293 221 1344; x_wconf 92' lang='lat' dir='ltr'><strong>in</strong></span> <span class='ocrx_word' id='word_1_92' title='bbox 233 1299 330 1346; x_wconf 88' lang='lat' dir='ltr'><strong>terram</strong></span> <span class='ocrx_word' id='word_1_93' title='bbox 342 1293 437 1360; x_wconf 88' lang='lat' dir='ltr'><strong>liquidi</strong></span> <span class='ocrx_word' id='word_1_94' title='bbox 449 1293 519 1344; x_wconf 90' lang='lat' dir='ltr'><strong>color</strong></span> <span class='ocrx_word' id='word_1_95' title='bbox 530 1310 623 1344; x_wconf 87' lang='lat' dir='ltr'><strong>aureus</strong></span> <span class='ocrx_word' id='word_1_96' title='bbox 635 1292 718 1359; x_wconf 75' lang='lat' dir='ltr'><strong>ignis,</strong></span> 
     </span>
     <span class='ocr_line' id='line_1_17' title="bbox 69 1361 741 1483; baseline -0.001 -69"><span class='ocrx_word' id='word_1_97' title='bbox 69 1361 176 1414; x_wconf 79' lang='lat' dir='ltr'><strong>Semina</strong></span> <span class='ocrx_word' id='word_1_98' title='bbox 187 1363 256 1483; x_wconf 56' lang='lat' dir='ltr'><strong>qrppql</strong></span> <span class='ocrx_word' id='word_1_99' title='bbox 267 1363 349 1414; x_wconf 91' lang='lat' dir='ltr'><strong>nubes</strong></span> <span class='ocrx_word' id='word_1_100' title='bbox 361 1364 431 1430; x_wconf 85' lang='lat' dir='ltr'><strong>ipsas</strong></span> <span class='ocrx_word' id='word_1_101' title='bbox 443 1361 574 1429; x_wconf 85' lang='lat' dir='ltr'><strong>permulta</strong></span> <span class='ocrx_word' id='word_1_102' title='bbox 586 1379 689 1412; x_wconf 87' lang='lat' dir='ltr'><strong>necesse</strong></span> <span class='ocrx_word' id='word_1_103' title='bbox 700 1366 741 1413; x_wconf 87' lang='lat' dir='ltr'><strong>est</strong></span> 
     </span>
    </p>
   </div>
   <div class='ocr_carea' id='block_1_5' title="bbox 67 1429 905 2256">
    <p class='ocr_par' dir='ltr' id='par_1_7' title="bbox 68 1429 905 1911">
     <span class='ocr_line' id='line_1_18' title="bbox 70 1429 812 1498; baseline 0 -17"><span class='ocrx_word' id='word_1_104' title='bbox 70 1429 145 1496; x_wconf 84' lang='lat' dir='ltr'><strong>Ignis</strong></span> <span class='ocrx_word' id='word_1_105' title='bbox 157 1430 192 1482; x_wconf 87' lang='lat' dir='ltr'><strong>ha</strong></span> <span class='ocrx_word' id='word_1_106' title='bbox 259 1449 264 1484; x_wconf 93' lang='lat'>:</span> <span class='ocrx_word' id='word_1_107' title='bbox 284 1431 382 1483; x_wconf 87' lang='lat' dir='ltr'><strong>etenim</strong></span> <span class='ocrx_word' id='word_1_108' title='bbox 394 1448 476 1498; x_wconf 88' lang='lat' dir='ltr'><strong>quum</strong></span> <span class='ocrx_word' id='word_1_109' title='bbox 488 1436 549 1482; x_wconf 88' lang='lat' dir='ltr'><strong>sunt</strong></span> <span class='ocrx_word' id='word_1_110' title='bbox 561 1430 669 1481; x_wconf 86' lang='lat' dir='ltr'><strong>humore</strong></span> <span class='ocrx_word' id='word_1_111' title='bbox 682 1430 737 1482; x_wconf 87' lang='lat' dir='ltr'><strong>sine</strong></span> <span class='ocrx_word' id='word_1_112' title='bbox 749 1429 812 1495; x_wconf 89' lang='lat' dir='ltr'><strong>ullo,</strong></span> 
     </span>
     <span class='ocr_line' id='line_1_19' title="bbox 69 1498 792 1567; baseline 0.003 -17"><span class='ocrx_word' id='word_1_113' title='bbox 69 1498 219 1552; x_wconf 70' lang='lat' dir='ltr'><strong>Flammeus</strong></span> <span class='ocrx_word' id='word_1_114' title='bbox 231 1506 271 1551; x_wconf 88' lang='lat' dir='ltr'><strong>est</strong></span> <span class='ocrx_word' id='word_1_115' title='bbox 283 1499 437 1567; x_wconf 90' lang='lat' dir='ltr'><strong>plerumque</strong></span> <span class='ocrx_word' id='word_1_116' title='bbox 450 1499 517 1551; x_wconf 81' lang='lat' dir='ltr'><strong>colos</strong></span> <span class='ocrx_word' id='word_1_117' title='bbox 530 1506 556 1551; x_wconf 92' lang='lat' dir='ltr'><strong>et</strong></span> <span class='ocrx_word' id='word_1_118' title='bbox 569 1499 721 1566; x_wconf 87' lang='lat' dir='ltr'><strong>splendidus</strong></span> <span class='ocrx_word' id='word_1_119' title='bbox 732 1499 792 1552; x_wconf 85' lang='lat' dir='ltr'><strong>illia</strong></span> 
     </span>
     <span class='ocr_line' id='line_1_20' title="bbox 70 1568 777 1636; baseline 0.004 -18"><span class='ocrx_word' id='word_1_120' title='bbox 70 1568 174 1636; x_wconf 88' lang='lat' dir='ltr'><strong>Quippe</strong></span> <span class='ocrx_word' id='word_1_121' title='bbox 186 1569 284 1621; x_wconf 90' lang='lat' dir='ltr'><strong>etenim</strong></span> <span class='ocrx_word' id='word_1_122' title='bbox 296 1569 356 1621; x_wconf 86' lang='lat' dir='ltr'><strong>solis</strong></span> <span class='ocrx_word' id='word_1_123' title='bbox 368 1569 401 1620; x_wconf 89' lang='lat' dir='ltr'><strong>de</strong></span> <span class='ocrx_word' id='word_1_124' title='bbox 413 1569 512 1620; x_wconf 89' lang='lat' dir='ltr'><strong>lumine</strong></span> <span class='ocrx_word' id='word_1_125' title='bbox 524 1568 610 1620; x_wconf 88' lang='lat' dir='ltr'><strong>multa</strong></span> <span class='ocrx_word' id='word_1_126' title='bbox 621 1585 724 1620; x_wconf 85' lang='lat' dir='ltr'><strong>neeesse</strong></span> <span class='ocrx_word' id='word_1_127' title='bbox 737 1575 777 1621; x_wconf 90' lang='lat' dir='ltr'><strong>est</strong></span> 
     </span>
     <span class='ocr_line' id='line_1_21' title="bbox 70 1636 905 1706; baseline 0 -18"><span class='ocrx_word' id='word_1_128' title='bbox 70 1636 217 1705; x_wconf 80' lang='lat' dir='ltr'><strong>Concipere,</strong></span> <span class='ocrx_word' id='word_1_129' title='bbox 229 1644 260 1690; x_wconf 90' lang='lat' dir='ltr'><strong>ut</strong></span> <span class='ocrx_word' id='word_1_130' title='bbox 272 1639 365 1690; x_wconf 88' lang='lat' dir='ltr'><strong>merito</strong></span> <span class='ocrx_word' id='word_1_131' title='bbox 377 1636 496 1704; x_wconf 87' lang='lat' dir='ltr'><strong>rubeant,</strong></span> <span class='ocrx_word' id='word_1_132' title='bbox 508 1637 632 1704; x_wconf 85' lang='lat' dir='ltr'><strong>ignesque</strong></span> <span class='ocrx_word' id='word_1_133' title='bbox 645 1638 813 1706; x_wconf 79' lang='lat' dir='ltr'><strong>profundant,</strong></span> <span class='ocrx_word' id='word_1_134' title='bbox 854 1639 905 1689; x_wconf 91' lang='grc'><strong>210</strong></span> 
     </span>
     <span class='ocr_line' id='line_1_22' title="bbox 69 1705 819 1774; baseline 0.001 -16"><span class='ocrx_word' id='word_1_135' title='bbox 69 1705 157 1758; x_wconf 88' lang='lat' dir='ltr'><strong>Hasce</strong></span> <span class='ocrx_word' id='word_1_136' title='bbox 168 1706 251 1774; x_wconf 85' lang='lat' dir='ltr'><strong>igitur</strong></span> <span class='ocrx_word' id='word_1_137' title='bbox 263 1723 345 1774; x_wconf 90' lang='lat' dir='ltr'><strong>quum</strong></span> <span class='ocrx_word' id='word_1_138' title='bbox 357 1713 452 1758; x_wconf 85' lang='lat' dir='ltr'><strong>ventus</strong></span> <span class='ocrx_word' id='word_1_139' title='bbox 463 1723 543 1773; x_wconf 85' lang='lat' dir='ltr'><strong>agens</strong></span> <span class='ocrx_word' id='word_1_140' title='bbox 555 1707 683 1758; x_wconf 88' lang='lat' dir='ltr'><strong>contrusit</strong></span> <span class='ocrx_word' id='word_1_141' title='bbox 694 1707 723 1758; x_wconf 92' lang='lat' dir='ltr'><strong>in</strong></span> <span class='ocrx_word' id='word_1_142' title='bbox 734 1725 819 1759; x_wconf 90' lang='lat' dir='ltr'><strong>unum</strong></span> 
     </span>
     <span class='ocr_line' id='line_1_23' title="bbox 69 1774 802 1852; baseline 0.001 -26"><span class='ocrx_word' id='word_1_143' title='bbox 69 1774 278 1852; x_wconf 80' lang='lat' dir='ltr'><strong>Compressitque</strong></span> <span class='ocrx_word' id='word_1_144' title='bbox 290 1775 376 1828; x_wconf 74' lang='lat' dir='ltr'><strong>locrun</strong></span> <span class='ocrx_word' id='word_1_145' title='bbox 388 1793 496 1842; x_wconf 85' lang='lat' dir='ltr'><strong>cogens;</strong></span> <span class='ocrx_word' id='word_1_146' title='bbox 508 1792 629 1843; x_wconf 84' lang='lat' dir='ltr'><strong>expressa</strong></span> <span class='ocrx_word' id='word_1_147' title='bbox 639 1775 802 1842; x_wconf 85' lang='lat' dir='ltr'><strong>profundunt</strong></span> 
     </span>
     <span class='ocr_line' id='line_1_24' title="bbox 68 1843 715 1911; baseline -0.002 -15"><span class='ocrx_word' id='word_1_148' title='bbox 68 1843 181 1909; x_wconf 80' lang='lat' dir='ltr'><strong>Semina,</strong></span> <span class='ocrx_word' id='word_1_149' title='bbox 194 1861 253 1911; x_wconf 83' lang='lat' dir='ltr'><strong>quae</strong></span> <span class='ocrx_word' id='word_1_150' title='bbox 264 1845 367 1896; x_wconf 83' lang='lat' dir='ltr'><strong>faciunt</strong></span> <span class='ocrx_word' id='word_1_151' title='bbox 378 1843 489 1906; x_wconf 82' lang='lat' dir='ltr'><strong>flammae</strong></span> <span class='ocrx_word' id='word_1_152' title='bbox 501 1844 602 1910; x_wconf 81' lang='lat' dir='ltr'><strong>fulgere</strong></span> <span class='ocrx_word' id='word_1_153' title='bbox 614 1843 715 1895; x_wconf 88' lang='lat' dir='ltr'><strong>colores.</strong></span> 
     </span>
    </p>

    <p class='ocr_par' dir='ltr' id='par_1_8' title="bbox 67 1911 815 2256">
     <span class='ocr_line' id='line_1_25' title="bbox 104 1911 815 1981; baseline 0.001 -18"><span class='ocrx_word' id='word_1_154' title='bbox 104 1912 195 1981; x_wconf 82' lang='lat' dir='ltr'><strong>Fulgit</strong></span> <span class='ocrx_word' id='word_1_155' title='bbox 207 1914 278 1981; x_wconf 90' lang='lat' dir='ltr'><strong>item,</strong></span> <span class='ocrx_word' id='word_1_156' title='bbox 291 1930 372 1981; x_wconf 90' lang='lat' dir='ltr'><strong>quum</strong></span> <span class='ocrx_word' id='word_1_157' title='bbox 384 1919 518 1964; x_wconf 81' lang='lat' dir='ltr'><strong>rarescunt</strong></span> <span class='ocrx_word' id='word_1_158' title='bbox 530 1928 634 1978; x_wconf 91' lang='lat' dir='ltr'><strong>quoque</strong></span> <span class='ocrx_word' id='word_1_159' title='bbox 647 1911 737 1964; x_wconf 91' lang='lat' dir='ltr'><strong>nubila</strong></span> <span class='ocrx_word' id='word_1_160' title='bbox 750 1911 815 1965; x_wconf 85' lang='lat' dir='ltr'><strong>coeli.</strong></span> 
     </span>
     <span class='ocr_line' id='line_1_26' title="bbox 68 1980 724 2050; baseline -0.005 -17"><span class='ocrx_word' id='word_1_161' title='bbox 68 1980 139 2033; x_wconf 86' lang='lat' dir='ltr'><strong>Nam</strong></span> <span class='ocrx_word' id='word_1_162' title='bbox 150 1999 233 2050; x_wconf 91' lang='lat' dir='ltr'><strong>quum</strong></span> <span class='ocrx_word' id='word_1_163' title='bbox 245 1989 339 2035; x_wconf 81' lang='lat' dir='ltr'><strong>ventus</strong></span> <span class='ocrx_word' id='word_1_164' title='bbox 352 1999 395 2034; x_wconf 88' lang='lat' dir='ltr'><strong>eas</strong></span> <span class='ocrx_word' id='word_1_165' title='bbox 407 1981 499 2033; x_wconf 81' lang='lat' dir='ltr'><strong>leuiter</strong></span> <span class='ocrx_word' id='word_1_166' title='bbox 511 1981 612 2031; x_wconf 89' lang='lat' dir='ltr'><strong>diducit</strong></span> <span class='ocrx_word' id='word_1_167' title='bbox 624 1987 724 2047; x_wconf 87' lang='lat' dir='ltr'><strong>euntes,</strong></span> 
     </span>
     <span class='ocr_line' id='line_1_27' title="bbox 67 2049 710 2119; baseline -0.003 -16"><span class='ocrx_word' id='word_1_168' title='bbox 67 2051 253 2119; x_wconf 72' lang='lat' dir='ltr'><strong>Dissolvitque,</strong></span> <span class='ocrx_word' id='word_1_169' title='bbox 264 2051 361 2104; x_wconf 79' lang='lat' dir='ltr'><strong>cadant</strong></span> <span class='ocrx_word' id='word_1_170' title='bbox 373 2051 484 2118; x_wconf 85' lang='lat' dir='ltr'><strong>ingratis</strong></span> <span class='ocrx_word' id='word_1_171' title='bbox 497 2049 543 2101; x_wconf 92' lang='lat' dir='ltr'><strong>illa</strong></span> <span class='ocrx_word' id='word_1_172' title='bbox 556 2066 658 2101; x_wconf 86' lang='lat' dir='ltr'><strong>necesse</strong></span> <span class='ocrx_word' id='word_1_173' title='bbox 670 2055 710 2101; x_wconf 92' lang='lat' dir='ltr'><strong>est</strong></span> 
     </span>
     <span class='ocr_line' id='line_1_28' title="bbox 67 2118 744 2188; baseline -0.004 -16"><span class='ocrx_word' id='word_1_174' title='bbox 67 2119 181 2187; x_wconf 83' lang='lat' dir='ltr'><strong>Semina,</strong></span> <span class='ocrx_word' id='word_1_175' title='bbox 194 2138 252 2188; x_wconf 86' lang='lat' dir='ltr'><strong>quae</strong></span> <span class='ocrx_word' id='word_1_176' title='bbox 263 2120 365 2172; x_wconf 88' lang='lat' dir='ltr'><strong>faciunt</strong></span> <span class='ocrx_word' id='word_1_177' title='bbox 377 2119 519 2185; x_wconf 87' lang='lat' dir='ltr'><strong>fulgorem:</strong></span> <span class='ocrx_word' id='word_1_178' title='bbox 538 2125 596 2170; x_wconf 91' lang='lat' dir='ltr'><strong>tum</strong></span> <span class='ocrx_word' id='word_1_179' title='bbox 608 2118 663 2169; x_wconf 89' lang='lat' dir='ltr'><strong>sine</strong></span> <span class='ocrx_word' id='word_1_180' title='bbox 676 2124 744 2170; x_wconf 85' lang='lat' dir='ltr'><strong>tetro</strong></span> 
     </span>
     <span class='ocr_line' id='line_1_29' title="bbox 67 2187 689 2256; baseline -0.005 -14"><span class='ocrx_word' id='word_1_181' title='bbox 67 2190 175 2242; x_wconf 72' lang='lat' dir='ltr'><strong>Terrore</strong></span> <span class='ocrx_word' id='word_1_182' title='bbox 187 2195 214 2242; x_wconf 88' lang='lat' dir='ltr'><strong>et</strong></span> <span class='ocrx_word' id='word_1_183' title='bbox 226 2189 314 2242; x_wconf 89' lang='lat' dir='ltr'><strong>sonitu</strong></span> <span class='ocrx_word' id='word_1_184' title='bbox 325 2188 413 2256; x_wconf 78' lang='lat' dir='ltr'><strong>fulgit,</strong></span> <span class='ocrx_word' id='word_1_185' title='bbox 427 2187 552 2254; x_wconf 88' lang='lat' dir='ltr'><strong>nulloque</strong></span> <span class='ocrx_word' id='word_1_186' title='bbox 562 2187 689 2240; x_wconf 89' lang='lat' dir='ltr'><strong>tumultu.</strong></span> 
     </span>
    </p>
   </div>
   <div class='ocr_carea' id='block_1_6' title="bbox 396 2319 567 2389">
    <p class='ocr_par' dir='ltr' id='par_1_9' title="bbox 396 2319 567 2389">
     <span class='ocr_line' id='line_1_30' title="bbox 396 2319 567 2389; baseline 0 -17"><span class='ocrx_word' id='word_1_187' title='bbox 396 2319 567 2389; x_wconf 74' lang='lat' dir='ltr'><strong>Defedmim.</strong></span> 
     </span>
    </p>
   </div>
   <div class='ocr_carea' id='block_1_7' title="bbox 66 2414 903 2693">
    <p class='ocr_par' dir='ltr' id='par_1_10' title="bbox 66 2414 903 2622">
     <span class='ocr_line' id='line_1_31' title="bbox 104 2414 759 2485; baseline -0.006 -16"><span class='ocrx_word' id='word_1_188' title='bbox 104 2416 179 2480; x_wconf 88' lang='lat' dir='ltr'><strong>Quod</strong></span> <span class='ocrx_word' id='word_1_189' title='bbox 191 2422 314 2485; x_wconf 86' lang='lat' dir='ltr'><strong>superest,</strong></span> <span class='ocrx_word' id='word_1_190' title='bbox 328 2415 399 2482; x_wconf 87' lang='lat' dir='ltr'><strong>quali</strong></span> <span class='ocrx_word' id='word_1_191' title='bbox 410 2423 505 2467; x_wconf 86' lang='lat' dir='ltr'><strong>natura</strong></span> <span class='ocrx_word' id='word_1_192' title='bbox 517 2414 628 2483; x_wconf 85' lang='lat' dir='ltr'><strong>praedita</strong></span> <span class='ocrx_word' id='word_1_193' title='bbox 640 2417 759 2465; x_wconf 85' lang='lat' dir='ltr'><strong>constent</strong></span> 
     </span>
     <span class='ocr_line' id='line_1_32' title="bbox 66 2484 903 2552; baseline -0.006 -14"><span class='ocrx_word' id='word_1_194' title='bbox 66 2485 199 2552; x_wconf 78' lang='lat' dir='ltr'><strong>Fulmina,</strong></span> <span class='ocrx_word' id='word_1_195' title='bbox 212 2485 346 2537; x_wconf 83' lang='lat' dir='ltr'><strong>declarant</strong></span> <span class='ocrx_word' id='word_1_196' title='bbox 357 2486 426 2536; x_wconf 87' lang='lat' dir='ltr'><strong>ictus</strong></span> <span class='ocrx_word' id='word_1_197' title='bbox 438 2491 465 2536; x_wconf 88' lang='lat' dir='ltr'><strong>et</strong></span> <span class='ocrx_word' id='word_1_198' title='bbox 476 2485 565 2536; x_wconf 85' lang='lat' dir='ltr'><strong>inusta</strong></span> <span class='ocrx_word' id='word_1_199' title='bbox 577 2499 672 2550; x_wconf 81' lang='lat' dir='ltr'><strong>vapore</strong></span> <span class='ocrx_word' id='word_1_200' title='bbox 851 2484 903 2534; x_wconf 84' lang='grc'><strong>220</strong></span> 
     </span>
     <span class='ocr_line' id='line_1_33' title="bbox 67 2552 763 2622; baseline -0.006 -15"><span class='ocrx_word' id='word_1_201' title='bbox 67 2554 149 2622; x_wconf 86' lang='lat' dir='ltr'><strong>Signa</strong></span> <span class='ocrx_word' id='word_1_202' title='bbox 160 2562 289 2622; x_wconf 88' lang='lat' dir='ltr'><strong>notaeque,</strong></span> <span class='ocrx_word' id='word_1_203' title='bbox 300 2571 392 2621; x_wconf 86' lang='lat' dir='ltr'><strong>graves</strong></span> <span class='ocrx_word' id='word_1_204' title='bbox 405 2554 523 2604; x_wconf 84' lang='lat' dir='ltr'><strong>halantes</strong></span> <span class='ocrx_word' id='word_1_205' title='bbox 536 2552 668 2619; x_wconf 87' lang='lat' dir='ltr'><strong>sulphuris</strong></span> <span class='ocrx_word' id='word_1_206' title='bbox 680 2568 763 2603; x_wconf 75' lang='lat' dir='ltr'><strong>auras,</strong></span> 
     </span>
    </p>

    <p class='ocr_par' dir='ltr' id='par_1_11' title="bbox 67 2619 830 2693">
     <span class='ocr_line' id='line_1_34' title="bbox 67 2619 830 2693; baseline -0.007 -16"><span class='ocrx_word' id='word_1_207' title='bbox 67 2624 142 2693; x_wconf 83' lang='lat' dir='ltr'><strong>Ignis</strong></span> <span class='ocrx_word' id='word_1_208' title='bbox 154 2624 225 2676; x_wconf 89' lang='lat' dir='ltr'><strong>enim</strong></span> <span class='ocrx_word' id='word_1_209' title='bbox 236 2629 300 2675; x_wconf 89' lang='lat' dir='ltr'><strong>sunt</strong></span> <span class='ocrx_word' id='word_1_210' title='bbox 312 2623 374 2688; x_wconf 77' lang='lat' dir='ltr'><strong>brec,</strong></span> <span class='ocrx_word' id='word_1_211' title='bbox 386 2639 440 2673; x_wconf 92' lang='lat' dir='ltr'><strong>non</strong></span> <span class='ocrx_word' id='word_1_212' title='bbox 452 2623 524 2674; x_wconf 83' lang='lat' dir='ltr'><strong>venti</strong></span> <span class='ocrx_word' id='word_1_213' title='bbox 536 2622 619 2688; x_wconf 82' lang='lat' dir='ltr'><strong>signa,</strong></span> <span class='ocrx_word' id='word_1_214' title='bbox 632 2638 717 2690; x_wconf 83' lang='lat' dir='ltr'><strong>neque</strong></span> <span class='ocrx_word' id='word_1_215' title='bbox 728 2619 830 2673; x_wconf 72' lang='lat' dir='ltr'><strong>imbris.</strong></span> 
     </span>
    </p>
   </div>
   <div class='ocr_carea' id='block_1_8' title="bbox 0 0 968 2964">
    <p class='ocr_par' dir='ltr' id='par_1_12' title="bbox 0 0 968 2964">
     <span class='ocr_line' id='line_1_35' title="bbox 0 0 968 2964; baseline 0 1"><span class='ocrx_word' id='word_1_216' title='bbox 0 0 968 2964; x_wconf 95' lang='lat' dir='ltr'><strong> </strong></span> 
     </span>
    </p>
   </div>
  </div>
 </body>
</html>
