1928 2964
82 138 116 188 34
394 134 423 187 Τ.
441 134 609 188 nucnnnn

83 235 159 288 Unde
171 236 266 288 emisse
278 235 363 288 solent
374 237 492 304 reparari
503 237 533 289 in
545 244 661 306 tempore
673 255 792 308 quaeque.

82 304 152 357 Nam
163 305 246 357 veluti
259 306 362 372 private
374 305 432 357 cibo
444 313 540 358 nature
552 308 719 359 animantum

83 373 195 441 Diffluit‚
208 375 333 426 emittens
346 391 453 442 corpus;
472 375 508 426 sic
521 377 609 427 omnia
620 376 716 428 debent

24 448 27 453 '
83 443 205 506 Dissolvi,
218 443 296 495 simul
308 461 339 495 sc
351 443 448 495 defecit
460 445 628 511 suppeditare

15 560 18 567 .
84 512 216 579 Materies,
228 512 318 579 alique
329 512 431 564 ratione
442 529 533 565 everso
545 513 606 566 visi.
857 519 926 568 1040

118 581 144 633 N
145 598 174 633 ec
186 582 270 650 plagae
283 587 393 649 possunt
405 582 567 633 extrinsecus
579 583 696 651 undique
708 601 841 637 summam
908 603 913 610 ·

85 650 242 703 Conservare
254 668 364 717 omnem,
378 667 547 718 quaecumque
560 659 600 702 est
612 652 759 705 conciliate.

85 719 184 773 (ludere
197 719 367 772 enimcrebro
380 725 497 788 possunt,
510 727 664 788 pestemque
676 722 780 788 morari,

84 787 156 840 Dum
168 789 277 841 venient
289 789 354 854 eliae,
368 806 399 840 ac
411 788 527 857 suppleri
540 807 641 841 summe
653 798 773 856 qnestur.

86 857 224 909 Interdum
235 858 335 910 resilire
347 864 436 909 tamen
448 864 587 926 coguntur,
600 864 627 910 et
639 876 693 911 una

85 925 225 995 Principiis
236 944 324 978 rerum
336 927 458 994 spatium,
471 933 627 996 tempusque
638 928 716 996 fugai

85 995 195 1063 largiri,
207 1002 239 1047 ut
250 996 350 1064 possint
362 1013 378 1047 a
391 1002 462 1048 coetu
473 995 556 1048 libere
567 986 637 1049 ferri.

87 1065 173 1129 Quare
185 1065 265 1117 etiam
278 1071 357 1133 etque
369 1065 450 1118 etiem
462 1065 573 1117 suboriri
584 1066 672 1119 multe
683 1084 788 1119 necesse
800 1073 857 1120 est:

86 1134 121 1187 Et
133 1141 230 1202 tamen,
242 1140 273 1186 ut
285 1135 371 1203 plage
384 1151 487 1202 quoque
499 1135 600 1203 possint
611 1142 750 1204 suppetere
761 1136 834 1205 ipsse,

86 1203 196 1257 Infinita
209 1221 274 1273 opus
286 1210 325 1256 est
337 1204 377 1256 vis
390 1205 506 1273 undique
517 1205 648 1257 materiei.
860 1209 928 1260 1050

331 1369 368 1423 In
379 1369 495 1423 sudium
507 1368 674 1439 omniafieri.

122 1497 194 1549 Illud
205 1497 235 1548 in
246 1496 287 1549 his
299 1495 376 1549 rebus
387 1495 465 1564 longe
477 1497 539 1563 fuge
552 1494 662 1563 credere,
675 1496 792 1564 Memmi,

88 1567 121 1618 In
132 1567 249 1618 medium
262 1583 376 1631 summae,
389 1566 459 1633 quod
472 1567 572 1632 dicunt,
585 1565 673 1616 omniu
684 1565 743 1633 niti,

88 1636 176 1703 Atque
187 1635 246 1686 ideo
257 1635 350 1687 mundi
362 1641 486 1687 naturam
498 1641 566 1687 stare
579 1635 634 1686 sine
647 1635 708 1686 ullis

87 1705 189 1758 Ictibus
202 1705 324 1770 externis,
336 1721 421 1771 neque
433 1720 564 1772 quoquam
576 1721 650 1772 posse
661 1703 756 1756 resolvi

88 1774 196 1833 Summa
207 1779 286 1842 atque
298 1773 358 1840 ime,
371 1774 440 1841 quod
452 1774 481 1824 in
493 1774 608 1825 medium
621 1773 675 1824 sint
687 1773 775 1825 omnir
786 1772 869 1838 nixe;

89 1844 179 1912 Ipsum
193 1843 214 1894 si
226 1842 371 1910 quidquem
383 1855 457 1911 posse
469 1843 499 1894 in
511 1861 538 1894 se
551 1843 640 1894 sistere
653 1842 749 1894 credis:

89 1913 133 1980 Et,
145 1929 204 1981 quoe
216 1913 332 1980 pondero
344 1919 406 1964 sunt
418 1911 466 1963 sub
479 1912 562 1977 terris,
574 1911 662 1963 omnio
674 1928 777 1963 sursum

89 1982 182 2048 Niticr,
195 1982 224 2033 in
236 1988 356 2048 terreque
368 1989 437 2032 retro
450 1982 609 2048 requiescere
621 1985 709 2048 posta:

89 2051 127 2103 Ut
139 2069 185 2120 per
196 2067 278 2118 aquus
291 2067 349 2117 quae
362 2067 433 2101 nunc
445 2068 533 2101 rerum
545 2049 684 2102 simulacre
695 2049 830 2101 videmus:

89 2120 125 2173 Et
138 2120 218 2172 simili
229 2119 330 2171 ratione
342 2118 468 2170 animalia
480 2136 563 2186 suppa
575 2119 666 2185 vagari
860 2121 928 2171 1060

90 2190 267 2253 contendunt,
280 2205 363 2255 neque
376 2204 449 2255 posse
462 2206 476 2238 e
489 2188 564 2239 terris
576 2188 605 2238 in
617 2187 674 2239 loco
686 2187 743 2240 coeli

91 2258 215 2311 Recidere
227 2254 350 2309 inferiore
362 2256 454 2324 magis,
468 2274 547 2324 quem
560 2274 666 2324 corpore
678 2262 767 2308 nostru

90 2327 189 2396 Sponte
201 2345 248 2379 sue
260 2326 360 2407 possint
372 2327 401 2377 in
413 2325 472 2377 coeli
484 2325 583 2393 templa
594 2326 696 2377 volare:

92 2397 136 2448 Illi
150 2414 231 2464 quum
245 2396 352 2448 videant
365 2395 451 2459 solem,
463 2412 510 2446 nos
523 2395 607 2446 sidere
619 2394 703 2446 noctis

91 2466 208 2531 Cernere,
221 2472 249 2517 et
260 2465 368 2518 alternis
380 2464 515 2516 nobiscum
528 2470 645 2530 temporo
657 2463 716 2514 coeli

92 2534 222 2600 Dividere,
235 2542 262 2586 et
275 2541 364 2586 noctes
376 2533 471 2602 pariles
482 2533 583 2600 agitare
596 2531 693 2583 diebus.

126 2603 176 2655 Sed
189 2621 272 2655 venus
285 2603 385 2655 stolidis
398 2603 453 2654 haec
466 2603 553 2654 omnia
565 2601 672 2652 finxerit
684 2618 761 2666 error,

77 2671 213 2739 Amplexi
222 2673 295 2740 quod
306 2671 407 2726 liabent
418 2688 539 2743 perverse
551 2671 636 2740 prime
647 2670 709 2722 risi.
812 2694 816 2701 ·
