1928 2964
347 169 455 223 LIBER
473 168 612 222 SEXTUS.
857 171 910 222 197⁴

63 269 221 338 Impendent
233 274 297 322 atres
310 270 457 322 formidinis
469 287 513 322 ora
526 286 644 336 superne,

64 338 153 402 Quum
166 339 310 391 commoliri
321 345 463 406 tempestas
474 339 589 389 fulmina
601 341 708 405 coeptat.

97 407 233 474 Praeterea,
245 425 360 476 persaepe
372 408 447 474 niger
459 424 561 474 quoque
574 424 620 474 per
633 423 704 457 mare
717 405 830 473 nimbus,

62 474 101 528 Ut
113 476 179 544 picis
191 493 205 528 s
218 477 281 528 coelo
294 476 435 527 demissum
446 475 553 542 fiumen,
567 476 594 526 in
607 475 692 526 undas

62 543 106 596 Sic
119 545 199 611 cadit,
212 551 239 597 et
250 545 335 596 fertur
347 543 461 596 tenebris
474 544 571 612 procul,
585 550 611 596 et
624 543 707 595 trahit
719 550 805 595 atram

62 612 229 665 Fulminibus
241 614 377 680 gravidam
389 618 572 681 tempestatem
585 618 666 678 atque
678 613 807 680 procellis,

62 680 174 750 Ignibus
185 699 216 734 ac
228 683 314 734 ventis
326 682 477 749 cumprimis
490 682 544 749 ipse
556 681 672 748 repletus
682 702 688 742 3
855 685 907 734 260

62 749 96 802 In
108 756 178 802 terra
190 768 292 818 quoque
303 757 335 802 ut
346 751 504 816 horrescant,
517 767 547 801 ac
560 756 631 801 tecta
642 750 785 817 requirant.

62 818 106 871 Sic
117 819 199 886 igitur
211 836 304 888 supera
315 825 433 871 nostrum
445 824 525 887 caput
538 835 592 870 esse
603 818 752 886 putandum
764 824 804 870 est

61 887 253 956 Tempestatem
265 888 361 940 altam:
379 905 464 955 neque
477 889 547 938 euim
559 887 672 953 caligine
680 893 761 940 ¹tauta

62 954 209 1009 Obruerent
220 964 311 1022 terras,
323 957 375 1008 nisi
386 956 546 1009 inaedificata
558 972 671 1023 superne

61 1023 150 1077 Multa
161 1026 248 1078 forent
257 1025 350 1077 multis
362 1031 484 1092 exempto
495 1024 588 1076 nubila
599 1024 664 1076 sole:

61 1092 117 1145 Nec
128 1100 204 1146 tanto
234 1100 320 1146 ossent
332 1094 388 1145 hoec
400 1100 482 1146 terras
494 1093 639 1161 opprimere
651 1091 736 1158 imbri,
812 1149 816 1156 ,

61 1161 186 1214 Flumina
197 1111 331 1215 aiundare
342 1168 374 1214 ut
385 1163 502 1214 facerent
514 1177 669 1230 camposque
681 1167 781 1228 natare,

61 1229 89 1282 si
102 1249 155 1282 non
167 1232 308 1293 exstructis
319 1232 387 1283 foret
399 1231 452 1283 alte
464 1231 578 1281 nubibus
591 1229 680 1282 aether.

96 1299 147 1351 His
158 1300 241 1366 igitur
253 1300 338 1351 ventis
351 1306 430 1368 atque
442 1298 547 1366 ignibus
561 1299 649 1350 omnia
661 1298 740 1366 plena

60 1367 145 1432 Sunt3
161 1368 220 1420 ideo
232 1369 329 1448 passim
340 1368 461 1420 fremitus
473 1366 619 1434 etfulgura
629 1367 711 1418 fiunt:
845 1369 897 1421 270

61 1436 164 1505 Quippe
176 1443 274 1489 etemm
286 1454 379 1504 supera
391 1437 475 1503 docui,
488 1436 619 1504 permulta
631 1435 735 1504 vaporis

60 1504 167 1558 Semina
178 1504 272 1558 habere
284 1522 361 1557 cavas
372 1506 455 1557 nubes
465 1524 472 1568 3
490 1511 517 1557 et
529 1504 613 1556 multa
625 1521 728 1557 necesse
739 1509 779 1556 est

61 1573 201 1642 Concipere
213 1592 247 1625 ex
259 1574 320 1626 solis
331 1575 411 1626 radiis
423 1574 566 1641 ardoreque
579 1591 675 1626 eorum,

60 1641 122 1708 Hic,
134 1642 181 1694 ubi
193 1648 295 1709 ventus,
307 1660 350 1694 eas
362 1643 433 1694 idem
444 1643 491 1710 qui
503 1643 573 1711 cogit
584 1643 614 1693 in
626 1659 710 1694 unum

60 1710 139 1762 Forte
151 1711 238 1762 locum
250 1712 374 1779 quemvis,
387 1711 515 1780 expressit
526 1711 612 1763 multa
624 1713 728 1780 vaporis

59 1779 172 1846 Semina,
185 1797 263 1848 seque
275 1780 354 1832 simul
366 1797 427 1832 cum
439 1797 469 1832 eo
481 1780 644 1832 commiscuit
656 1781 714 1847 igni
724 1798 730 1833 :

59 1846 213 1900 Insinuotus
225 1849 262 1901 ibi
274 1855 366 1901 vortex
378 1854 497 1901 versatur
508 1849 537 1899 in
549 1848 611 1914 alto,

59 1916 95 1968 Ilt
107 1916 199 1968 calidis
211 1918 283 1969 acuit
295 1917 396 1970 fulmen
408 1917 557 1968 fornacibus
569 1917 649 1968 intus.

58 1985 129 2038 Nam
141 1985 241 2054 duplici
252 1987 354 2038 ratione
365 1986 535 2049 accenditur3
552 1985 608 2052 ipse
621 2001 668 2036 sua
680 2001 742 2036 cum

58 2053 209 2106 Mobilitate
221 2055 334 2121 calescit,
347 2060 374 2107 et
385 2072 400 2106 e
412 2053 566 2120 contagibus
578 2053 654 2121 ignis.
846 2057 898 2106 280

58 2120 126 2174 Inde
137 2122 184 2174 ubi
195 2123 324 2191 percaluit
336 2124 376 2175 vis
388 2124 468 2189 venti,
481 2123 524 2175 vel
535 2123 622 2190 gravis
635 2122 706 2190 iguis

58 2190 177 2260 Impetus
188 2192 294 2243 incessit
301 2211 308 2256 ;
326 2197 460 2244 maturum
472 2198 530 2243 tum
543 2192 618 2258 quasi
630 2192 732 2243 fulmen

58 2259 209 2311 Perscindit
221 2259 305 2313 subito
317 2261 422 2329 nubem,
434 2261 579 2327 ferturque,
592 2260 705 2312 coruscis

58 2329 154 2381 Omnia
165 2328 309 2380 luminibus
321 2329 435 2381 lustrans
446 2329 511 2395 loce,
523 2330 639 2398 percitus
651 2328 741 2380 ardor:

274 2445 316 2498 Dc
326 2445 467 2498 tonitribus
478 2454 501 2499 et
513 2453 666 2499 terraemotu.

57 2531 142 2595 Quem
153 2529 240 2597 gravis
252 2529 399 2598 insequitur
411 2531 518 2597 sonitus,
531 2528 645 2597 displosa
655 2534 764 2596 repente

57 2598 211 2720 Opprimere
223 2603 253 2649 ut
265 2599 324 2650 cosli
336 2599 475 2678 videantur
487 2598 586 2667 templa
598 2614 715 2666 superne.

57 2668 91 2722 In
109 2685 124 2721 s
136 2674 233 2721 tremor
245 2672 327 2720 terras
338 2675 454 2736 maniter
465 2673 607 2736 pertentat,
619 2673 647 2742 et
659 2667 745 2720 altum

681 2908 793 2928 a*
