1964 2970
107 152 156 205 128
409 149 439 202 Τ.
457 149 625 203 nocuum

104 261 173 314 Nem
185 261 290 329 penitus
302 260 383 312 fluere
395 266 474 329 atque
486 261 604 313 recedere
615 260 692 312 rebus
704 259 794 313 odores

104 331 249 398 Significat,
261 331 330 399 quod
342 330 427 382 frecta
438 331 522 397 magis
534 329 648 382 redolere
660 330 785 382 videntur

104 400 206 466 Omnis,
219 400 289 468 quod
301 400 421 465 contrite,
432 399 502 466 quod
514 399 571 466 igni
583 397 760 451 collabefacta.

102 468 205 521 Deinde
217 469 304 521 videre
316 469 385 535 licet,
398 468 539 536 majoribus
551 485 606 519 esse
618 473 735 519 creatum
893 468 908 522 7

103 536 250 605 Principiis,
264 555 342 604 quem
354 555 421 600 vox3
441 537 563 604 quoniam
576 554 621 605 per
634 553 713 588 saxee
726 541 802 604 septa

103 606 163 657 Non
174 612 302 674 penetrat,
315 623 367 672 que
379 623 430 658 vox
442 606 522 673 vulgo
535 606 685 673 sonitusque
696 605 827 658 feruntur.

104 674 190 738 Quare
202 675 282 726 etiam
295 675 364 742 quod
377 675 436 742 olet,
449 692 503 727 non
514 680 570 726 tam
582 674 659 726 facile
671 691 726 726 esse
737 674 840 726 videbis

103 742 272 811 Investigare‚
284 745 313 794 in
326 761 378 812 que
390 744 425 795 sit
436 744 541 810 regione
553 743 675 796 locatum.

103 811 259 880 Refrigescit
272 813 342 864 enim
354 813 502 864 cunctando
515 813 594 880 plaga
606 830 653 879 per
664 829 756 877 sures3

101 879 127 932 N
128 898 156 933 ec
169 881 254 934 calida
266 882 300 934 ed
313 899 416 934 sensum
429 882 545 933 decurrit
556 882 652 933 nuntie
663 899 758 933 rerum.

101 949 198 1003 Errant
211 967 279 1018 saepe
291 968 367 1002 canes
380 951 477 1019 itaque,
490 957 516 1002 et
529 951 640 1017 vestigio
652 955 781 1018 quaerunt.

135 1019 161 1072 N
161 1037 190 1072 ec
202 1025 292 1071 temen
304 1020 352 1071 hoe
365 1020 425 1071 solis
437 1020 466 1071 in
478 1018 598 1071 odoribus
611 1026 690 1087 atque
703 1036 827 1087 soporum

102 1088 135 1139 In
147 1106 241 1156 genere
253 1095 308 1152 est;
326 1089 371 1140 sed
383 1089 447 1140 item
460 1089 557 1157 species
570 1105 658 1139 rerum
670 1094 750 1156 atque
763 1088 861 1140 colores

100 1157 160 1210 Non
171 1159 212 1210 ita
223 1159 384 1211 conveniunt
396 1159 430 1209 ed
443 1175 532 1209 sensus
545 1156 665 1209 omnibus
678 1174 775 1224 omnes,
892 1159 908 1212 7

101 1226 138 1279 Ut
150 1245 203 1279 non
216 1227 269 1279 sint
281 1227 340 1278 aliis
352 1227 473 1295 quaedam
484 1227 568 1293 magis
581 1227 652 1278 acria
664 1227 729 1277 visu.

101 1296 172 1359 Quin
184 1297 264 1348 etiem
276 1296 383 1364 gallum,
396 1302 499 1347 noctem
511 1295 713 1363 explodentibus
725 1294 783 1361 alis,

99 1364 229 1417 Auroram
241 1366 312 1417 clare
324 1372 477 1416 consuetum
490 1382 552 1417 voce
564 1381 662 1429 vocare,

100 1433 178 1486 Nenu
190 1440 291 1502 queunt
303 1434 389 1501 rapidi
402 1440 493 1485 contra
505 1440 623 1485 constare
635 1432 730 1497 leones,

100 1501 184 1571 Inque
196 1505 279 1556 tueri:
297 1503 336 1554 ita
348 1503 471 1555 continuo
483 1504 624 1554 meminere
635 1502 726 1570 fugai:

99 1570 238 1638 Nimirum,
251 1573 388 1640 quierunt
400 1572 530 1639 gallorum
542 1573 571 1622 in
584 1589 688 1639 corpore
701 1571 824 1639 quaedum

100 1639 211 1707 Semina,
224 1657 289 1708 quae,
302 1658 384 1708 quum
396 1647 458 1692 sunt
471 1641 552 1692 oculis
565 1641 681 1692 immisso
693 1640 806 1707 leonum,

100 1708 219 1776 Pupillus
230 1710 413 1778 interfodiunt,
426 1727 563 1778 acremque
575 1710 689 1761 dolorem

99 1777 228 1844 Praebent,
241 1785 272 1830 ut
284 1785 417 1846 nequeant
430 1787 520 1831 contra
533 1778 627 1831 durare
639 1779 752 1842 feroces3

100 1846 191 1907 Quum
201 1854 291 1900 temen
303 1848 360 1901 haec
372 1854 472 1900 nostras
485 1848 552 1900 acies
564 1848 603 1899 nil
615 1847 708 1900 laedere
720 1847 835 1915 possint:
847 1851 853 1858 '
891 1850 907 1903 7

99 1916 155 1967 Aut
167 1917 294 1984 quianon
306 1923 453 1985 penetrent,
466 1925 512 1968 eut
525 1918 594 1985 quod
606 1916 805 1986 penetrantibus
818 1917 873 1969 illis

99 1985 195 2036 Exitus
208 2003 241 2037 ex
253 1987 335 2038 oculis
347 1986 413 2037 liber
425 1987 512 2051 detur,
525 1986 553 2036 in
566 1986 721 2038 remorando

98 2054 204 2107 Laedere
216 2070 249 2106 ue
261 2055 362 2123 possint
375 2073 408 2106 ex
419 2055 476 2111 ullu
487 2055 589 2107 lumine
600 2062 682 2124 parte.

404 2173 445 2226 De
457 2173 545 2226 ociori
557 2183 635 2226 motu

133 2259 211 2311 Nunc
223 2276 278 2326 age,
292 2276 349 2328 quae
362 2266 484 2312 moveant
497 2261 614 2311 animum
626 2277 674 2325 res,
686 2259 790 2327 accipe3
809 2265 837 2312 et
849 2260 907 2312 und

100 2327 163 2392 Quae
176 2329 293 2395 veniunt,
306 2329 415 2381 veniant
426 2329 455 2380 in
466 2336 589 2394 mentem,
602 2329 706 2397 percipe
718 2328 817 2396 paucis.

133 2397 266 2465 Principio
278 2399 327 2450 hoc
339 2399 405 2464 dieo,
416 2415 504 2449 rerum
516 2398 656 2449 simulacra
668 2397 759 2463 vagari

98 2465 187 2517 Multa
199 2467 283 2518 modis
294 2467 385 2519 multis
398 2468 426 2518 in
439 2472 548 2518 cunctas
559 2466 677 2534 undique
689 2471 777 2533 partes

93 2533 201 2602 Pennis,
216 2551 276 2604 quae
289 2536 367 2589 focile
378 2537 448 2588 inter
460 2553 487 2586 se
496 2537 648 2604 junguntur
660 2535 688 2586 in
700 2535 779 2602 euris,

81 2601 167 2656 Obvia
182 2623 270 2674 quum
284 2608 417 2674 veniunt3
435 2612 468 2660 ut
480 2605 746 2670 eruneubmcteuuue
755 2603 823 2655 nuri.
853 2620 858 2628 ·

66 2669 180 2745 Quippe
194 2681 301 2735 etenim
313 2682 408 2738 multo
421 2679 513 2752 magis
523 2677 585 2730 nec
597 2680 663 2728 sunt
671 2672 768 2725 tenuis.
775 2675 868 2734 textu,
892 2672 908 2714 1
