<?xml version="1.0" encoding="UTF-8"?>
<!DOCTYPE html PUBLIC "-//W3C//DTD XHTML 1.0 Transitional//EN"
    "http://www.w3.org/TR/xhtml1/DTD/xhtml1-transitional.dtd">
<html xmlns="http://www.w3.org/1999/xhtml" xml:lang="en" lang="en">
 <head>
  <title>
</title>
<meta http-equiv="Content-Type" content="text/html;charset=utf-8" />
  <meta name='ocr-system' content='tesseract 3.04.00' />
  <meta name='ocr-capabilities' content='ocr_page ocr_carea ocr_par ocr_line ocrx_word'/>
</head>
<body>
  <div class='ocr_page' id='page_1' title='image "./tlucretiicaride03carugoog_0164.png"; bbox 0 0 1964 2970; ppageno 0'>
   <div class='ocr_carea' id='block_1_1' title="bbox 332 154 891 220">
    <p class='ocr_par' dir='ltr' id='par_1_1' title="bbox 332 154 891 220">
     <span class='ocr_line' id='line_1_1' title="bbox 332 154 891 220; baseline -0.002 -12"><span class='ocrx_word' id='word_1_1' title='bbox 332 156 440 208; x_wconf 85' lang='lat' dir='ltr'>LIBER</span> <span class='ocrx_word' id='word_1_2' title='bbox 459 154 629 220; x_wconf 67' lang='lat' dir='ltr'><strong>QUARTUS.</strong></span> <span class='ocrx_word' id='word_1_3' title='bbox 844 159 891 208; x_wconf 84' lang='lat'>131</span> 
     </span>
    </p>
   </div>
   <div class='ocr_carea' id='block_1_2' title="bbox 52 257 900 2667">
    <p class='ocr_par' dir='ltr' id='par_1_2' title="bbox 52 257 723 464">
     <span class='ocr_line' id='line_1_2' title="bbox 52 257 667 327; baseline 0.003 -17"><span class='ocrx_word' id='word_1_4' title='bbox 52 257 141 310; x_wconf 68' lang='lat' dir='ltr'>Tanta</span> <span class='ocrx_word' id='word_1_5' title='bbox 152 263 192 310; x_wconf 90' lang='lat' dir='ltr'>est</span> <span class='ocrx_word' id='word_1_6' title='bbox 203 257 342 324; x_wconf 76' lang='lat' dir='ltr'><strong>mobilitas,</strong></span> <span class='ocrx_word' id='word_1_7' title='bbox 352 264 379 310; x_wconf 90' lang='lat' dir='ltr'>et</span> <span class='ocrx_word' id='word_1_8' title='bbox 390 275 478 310; x_wconf 91' lang='lat' dir='ltr'>rerum</span> <span class='ocrx_word' id='word_1_9' title='bbox 491 259 567 327; x_wconf 85' lang='lat' dir='ltr'>copia</span> <span class='ocrx_word' id='word_1_10' title='bbox 577 264 667 312; x_wconf 85' lang='lat' dir='ltr'>tanta:</span> 
     </span>
     <span class='ocr_line' id='line_1_3' title="bbox 54 326 703 395; baseline 0.002 -17"><span class='ocrx_word' id='word_1_11' title='bbox 54 327 122 394; x_wconf 91' lang='lat' dir='ltr'>Hoc,</span> <span class='ocrx_word' id='word_1_12' title='bbox 135 326 181 378; x_wconf 88' lang='lat' dir='ltr'>nbi</span> <span class='ocrx_word' id='word_1_13' title='bbox 192 327 278 395; x_wconf 81' lang='lat' dir='ltr'>prima</span> <span class='ocrx_word' id='word_1_14' title='bbox 289 328 365 395; x_wconf 91' lang='lat' dir='ltr'>perit,</span> <span class='ocrx_word' id='word_1_15' title='bbox 377 327 480 394; x_wconf 87' lang='lat' dir='ltr'>alioque</span> <span class='ocrx_word' id='word_1_16' title='bbox 492 335 532 379; x_wconf 86' lang='lat' dir='ltr'>est</span> <span class='ocrx_word' id='word_1_17' title='bbox 544 327 627 379; x_wconf 81' lang='lat' dir='ltr'>altera</span> <span class='ocrx_word' id='word_1_18' title='bbox 638 332 703 379; x_wconf 84' lang='lat' dir='ltr'>nata</span> 
     </span>
     <span class='ocr_line' id='line_1_4' title="bbox 56 395 723 464; baseline -0.001 -16"><span class='ocrx_word' id='word_1_19' title='bbox 56 396 126 448; x_wconf 90' lang='lat' dir='ltr'>Inde</span> <span class='ocrx_word' id='word_1_20' title='bbox 138 401 218 462; x_wconf 85' lang='lat' dir='ltr'>statu,</span> <span class='ocrx_word' id='word_1_21' title='bbox 231 396 301 463; x_wconf 92' lang='lat' dir='ltr'>prior</span> <span class='ocrx_word' id='word_1_22' title='bbox 313 395 357 446; x_wconf 91' lang='lat' dir='ltr'>hic</span> <span class='ocrx_word' id='word_1_23' title='bbox 368 402 472 464; x_wconf 87' lang='lat' dir='ltr'>gestum</span> <span class='ocrx_word' id='word_1_24' title='bbox 484 402 600 448; x_wconf 86' lang='lat' dir='ltr'>mutessc</span> <span class='ocrx_word' id='word_1_25' title='bbox 612 397 723 448; x_wconf 89' lang='lat' dir='ltr'>videtur.</span> 
     </span>
    </p>

    <p class='ocr_par' dir='ltr' id='par_1_3' title="bbox 55 464 876 670">
     <span class='ocr_line' id='line_1_5' title="bbox 92 464 779 532; baseline 0 -16"><span class='ocrx_word' id='word_1_26' title='bbox 92 464 136 530; x_wconf 85' lang='lat' dir='ltr'>Et,</span> <span class='ocrx_word' id='word_1_27' title='bbox 149 465 211 532; x_wconf 79' lang='lat' dir='ltr'>quie</span> <span class='ocrx_word' id='word_1_28' title='bbox 223 465 315 516; x_wconf 85' lang='lat' dir='ltr'>tenuia</span> <span class='ocrx_word' id='word_1_29' title='bbox 328 470 397 531; x_wconf 92' lang='lat' dir='ltr'>sunt,</span> <span class='ocrx_word' id='word_1_30' title='bbox 409 465 462 516; x_wconf 85' lang='lat' dir='ltr'>nisi</span> <span class='ocrx_word' id='word_1_31' title='bbox 474 482 533 532; x_wconf 85' lang='lat' dir='ltr'>quae</span> <span class='ocrx_word' id='word_1_32' title='bbox 546 464 689 531; x_wconf 77' lang='lat' dir='ltr'>contendit,</span> <span class='ocrx_word' id='word_1_33' title='bbox 701 469 779 517; x_wconf 86' lang='lat' dir='ltr'>acute</span> 
     </span>
     <span class='ocr_line' id='line_1_6' title="bbox 55 533 876 601; baseline 0.001 -17"><span class='ocrx_word' id='word_1_34' title='bbox 55 533 167 585; x_wconf 76' lang='lat' dir='ltr'>Cernere</span> <span class='ocrx_word' id='word_1_35' title='bbox 179 550 233 584; x_wconf 91' lang='lat' dir='ltr'>non</span> <span class='ocrx_word' id='word_1_36' title='bbox 245 534 313 600; x_wconf 90' lang='lat' dir='ltr'>potis</span> <span class='ocrx_word' id='word_1_37' title='bbox 326 538 365 585; x_wconf 92' lang='lat' dir='ltr'>est</span> <span class='ocrx_word' id='word_1_38' title='bbox 377 534 495 596; x_wconf 89' lang='lat' dir='ltr'>animus;</span> <span class='ocrx_word' id='word_1_39' title='bbox 512 534 621 601; x_wconf 87' lang='lat' dir='ltr'>proinde</span> <span class='ocrx_word' id='word_1_40' title='bbox 633 533 728 600; x_wconf 85' lang='lat' dir='ltr'>omnia,</span> <span class='ocrx_word' id='word_1_41' title='bbox 741 549 801 601; x_wconf 78' lang='lat' dir='ltr'>quae</span> <span class='ocrx_word' id='word_1_42' title='bbox 813 540 876 586; x_wconf 91' lang='lat' dir='ltr'>sunt</span> 
     </span>
     <span class='ocr_line' id='line_1_7' title="bbox 55 601 696 670; baseline 0.002 -17"><span class='ocrx_word' id='word_1_43' title='bbox 55 601 193 668; x_wconf 87' lang='lat' dir='ltr'>Praeterea,</span> <span class='ocrx_word' id='word_1_44' title='bbox 206 608 325 669; x_wconf 87' lang='lat' dir='ltr'>pereunt,</span> <span class='ocrx_word' id='word_1_45' title='bbox 338 602 389 653; x_wconf 86' lang='lat' dir='ltr'>nisi</span> <span class='ocrx_word' id='word_1_46' title='bbox 402 602 439 653; x_wconf 89' lang='lat' dir='ltr'>sic</span> <span class='ocrx_word' id='word_1_47' title='bbox 452 619 506 653; x_wconf 88' lang='lat' dir='ltr'>sese</span> <span class='ocrx_word' id='word_1_48' title='bbox 517 602 573 670; x_wconf 90' lang='lat' dir='ltr'>ipse</span> <span class='ocrx_word' id='word_1_49' title='bbox 586 603 696 670; x_wconf 86' lang='lat' dir='ltr'>paravit.</span> 
     </span>
    </p>

    <p class='ocr_par' dir='ltr' id='par_1_4' title="bbox 56 670 660 739">
     <span class='ocr_line' id='line_1_8' title="bbox 56 670 660 739; baseline 0 -17"><span class='ocrx_word' id='word_1_50' title='bbox 56 670 70 722; x_wconf 88' lang='lat'>1</span> <span class='ocrx_word' id='word_1_51' title='bbox 91 688 117 722; x_wconf 93' lang='lat' dir='ltr'>se</span> <span class='ocrx_word' id='word_1_52' title='bbox 130 676 205 738; x_wconf 86' lang='lat' dir='ltr'>perat</span> <span class='ocrx_word' id='word_1_53' title='bbox 218 688 272 722; x_wconf 88' lang='lat' dir='ltr'>sese</span> <span class='ocrx_word' id='word_1_54' title='bbox 284 688 366 739; x_wconf 87' lang='lat' dir='ltr'>porro,</span> <span class='ocrx_word' id='word_1_55' title='bbox 379 676 519 739; x_wconf 86' lang='lat' dir='ltr'>speratque</span> <span class='ocrx_word' id='word_1_56' title='bbox 530 671 660 738; x_wconf 84' lang='lat' dir='ltr'>futurum,</span> 
     </span>
    </p>

    <p class='ocr_par' dir='ltr' id='par_1_5' title="bbox 81 739 827 807">
     <span class='ocr_line' id='line_1_9' title="bbox 81 739 827 807; baseline 0.001 -16"><span class='ocrx_word' id='word_1_57' title='bbox 81 747 95 791; x_wconf 94' lang='lat' dir='ltr'>t</span> <span class='ocrx_word' id='word_1_58' title='bbox 107 739 202 806; x_wconf 83' lang='lat' dir='ltr'>videat,</span> <span class='ocrx_word' id='word_1_59' title='bbox 215 739 286 806; x_wconf 87' lang='lat' dir='ltr'>quod</span> <span class='ocrx_word' id='word_1_60' title='bbox 298 740 473 806; x_wconf 81' lang='lat' dir='ltr'>consequitur,</span> <span class='ocrx_word' id='word_1_61' title='bbox 485 756 541 790; x_wconf 91' lang='lat' dir='ltr'>rem</span> <span class='ocrx_word' id='word_1_62' title='bbox 553 756 696 807; x_wconf 87' lang='lat' dir='ltr'>quamque:</span> <span class='ocrx_word' id='word_1_63' title='bbox 714 739 746 792; x_wconf 89' lang='lat' dir='ltr'>fit</span> <span class='ocrx_word' id='word_1_64' title='bbox 758 756 827 807; x_wconf 83' lang='lat' dir='ltr'>ergo.</span> 
     </span>
    </p>

    <p class='ocr_par' dir='ltr' id='par_1_6' title="bbox 56 808 894 1083">
     <span class='ocr_line' id='line_1_10' title="bbox 90 808 818 876; baseline 0.001 -17"><span class='ocrx_word' id='word_1_65' title='bbox 90 808 184 860; x_wconf 85' lang='lat' dir='ltr'>Nonne</span> <span class='ocrx_word' id='word_1_66' title='bbox 195 808 275 873; x_wconf 81' lang='lat' dir='ltr'>vides,</span> <span class='ocrx_word' id='word_1_67' title='bbox 284 808 371 860; x_wconf 86' lang='lat' dir='ltr'>oculos</span> <span class='ocrx_word' id='word_1_68' title='bbox 383 809 470 873; x_wconf 87' lang='lat' dir='ltr'>etiam,</span> <span class='ocrx_word' id='word_1_69' title='bbox 483 824 572 875; x_wconf 90' lang='lat' dir='ltr'>quum,</span> <span class='ocrx_word' id='word_1_70' title='bbox 582 809 674 859; x_wconf 82' lang='lat' dir='ltr'>tenuia</span> <span class='ocrx_word' id='word_1_71' title='bbox 687 825 744 876; x_wconf 87' lang='lat' dir='ltr'>quae</span> <span class='ocrx_word' id='word_1_72' title='bbox 757 809 818 876; x_wconf 88' lang='lat' dir='ltr'>sint,</span> 
     </span>
     <span class='ocr_line' id='line_1_11' title="bbox 57 877 894 945; baseline 0 -17"><span class='ocrx_word' id='word_1_73' title='bbox 57 877 167 929; x_wconf 77' lang='lat' dir='ltr'>Cernere</span> <span class='ocrx_word' id='word_1_74' title='bbox 180 882 321 945; x_wconf 86' lang='lat' dir='ltr'>coeperunt,</span> <span class='ocrx_word' id='word_1_75' title='bbox 334 877 489 928; x_wconf 86' lang='lat' dir='ltr'>contendere</span> <span class='ocrx_word' id='word_1_76' title='bbox 503 894 529 927; x_wconf 89' lang='lat' dir='ltr'>se</span> <span class='ocrx_word' id='word_1_77' title='bbox 541 881 621 944; x_wconf 89' lang='lat' dir='ltr'>atque</span> <span class='ocrx_word' id='word_1_78' title='bbox 633 894 732 944; x_wconf 89' lang='lat' dir='ltr'>parare,</span> <span class='ocrx_word' id='word_1_79' title='bbox 843 879 894 929; x_wconf 82' lang='grc'>810</span> 
     </span>
     <span class='ocr_line' id='line_1_12' title="bbox 56 942 680 1012; baseline 0.002 -15"><span class='ocrx_word' id='word_1_80' title='bbox 56 945 83 997; x_wconf 86' lang='lat' dir='ltr'>N</span> <span class='ocrx_word' id='word_1_81' title='bbox 83 962 113 997; x_wconf 92' lang='lat' dir='ltr'>ec</span> <span class='ocrx_word' id='word_1_82' title='bbox 125 945 181 996; x_wconf 90' lang='lat' dir='ltr'>sine</span> <span class='ocrx_word' id='word_1_83' title='bbox 192 963 222 998; x_wconf 89' lang='lat' dir='ltr'>eo</span> <span class='ocrx_word' id='word_1_84' title='bbox 234 942 292 996; x_wconf 83' lang='lat' dir='ltr'>fleri</span> <span class='ocrx_word' id='word_1_85' title='bbox 303 962 383 1012; x_wconf 88' lang='lat' dir='ltr'>posse,</span> <span class='ocrx_word' id='word_1_86' title='bbox 396 950 427 996; x_wconf 92' lang='lat' dir='ltr'>ut</span> <span class='ocrx_word' id='word_1_87' title='bbox 440 962 574 997; x_wconf 88' lang='lat' dir='ltr'>cernamus</span> <span class='ocrx_word' id='word_1_88' title='bbox 586 945 680 998; x_wconf 82' lang='lat' dir='ltr'>acutei</span> 
     </span>
     <span class='ocr_line' id='line_1_13' title="bbox 57 1014 766 1083; baseline -0.001 -17"><span class='ocrx_word' id='word_1_89' title='bbox 57 1015 94 1066; x_wconf 82' lang='lat' dir='ltr'>Et</span> <span class='ocrx_word' id='word_1_90' title='bbox 106 1019 196 1066; x_wconf 84' lang='lat' dir='ltr'>tamen</span> <span class='ocrx_word' id='word_1_91' title='bbox 206 1015 235 1065; x_wconf 89' lang='lat' dir='ltr'>in</span> <span class='ocrx_word' id='word_1_92' title='bbox 246 1014 324 1065; x_wconf 89' lang='lat' dir='ltr'>rebus</span> <span class='ocrx_word' id='word_1_93' title='bbox 337 1031 440 1081; x_wconf 89' lang='lat' dir='ltr'>quoque</span> <span class='ocrx_word' id='word_1_94' title='bbox 452 1014 549 1082; x_wconf 87' lang='lat' dir='ltr'>apertis</span> <span class='ocrx_word' id='word_1_95' title='bbox 561 1031 666 1066; x_wconf 89' lang='lat' dir='ltr'>noscere</span> <span class='ocrx_word' id='word_1_96' title='bbox 677 1014 766 1083; x_wconf 89' lang='lat' dir='ltr'>possis,</span> 
     </span>
    </p>

    <p class='ocr_par' dir='ltr' id='par_1_7' title="bbox 57 1082 786 1232">
     <span class='ocr_line' id='line_1_14' title="bbox 57 1082 786 1150; baseline 0 -16"><span class='ocrx_word' id='word_1_97' title='bbox 57 1082 87 1134; x_wconf 77' lang='lat' dir='ltr'>Si</span> <span class='ocrx_word' id='word_1_98' title='bbox 99 1100 151 1134; x_wconf 91' lang='lat' dir='ltr'>non</span> <span class='ocrx_word' id='word_1_99' title='bbox 163 1082 283 1134; x_wconf 88' lang='lat' dir='ltr'>advertas</span> <span class='ocrx_word' id='word_1_100' title='bbox 295 1082 420 1149; x_wconf 87' lang='lat' dir='ltr'>animum,</span> <span class='ocrx_word' id='word_1_101' title='bbox 433 1082 542 1150; x_wconf 86' lang='lat' dir='ltr'>proinde</span> <span class='ocrx_word' id='word_1_102' title='bbox 554 1100 614 1148; x_wconf 89' lang='lat' dir='ltr'>esse,</span> <span class='ocrx_word' id='word_1_103' title='bbox 628 1083 702 1150; x_wconf 86' lang='lat' dir='ltr'>quasi</span> <span class='ocrx_word' id='word_1_104' title='bbox 714 1083 786 1135; x_wconf 90' lang='lat' dir='ltr'>omni</span> 
     </span>
     <span class='ocr_line' id='line_1_15' title="bbox 57 1151 704 1232; baseline 0 -29"><span class='ocrx_word' id='word_1_105' title='bbox 57 1152 183 1232; x_wconf 69' lang='lat' dir='ltr'>Tempore</span> <span class='ocrx_word' id='word_1_106' title='bbox 196 1157 324 1203; x_wconf 89' lang='lat' dir='ltr'>semotum</span> <span class='ocrx_word' id='word_1_107' title='bbox 335 1151 417 1202; x_wconf 83' lang='lat' dir='ltr'>fuerit</span> <span class='ocrx_word' id='word_1_108' title='bbox 428 1151 556 1219; x_wconf 87' lang='lat' dir='ltr'>longeque</span> <span class='ocrx_word' id='word_1_109' title='bbox 568 1158 704 1203; x_wconf 87' lang='lat' dir='ltr'>remotum.</span> 
     </span>
    </p>

    <p class='ocr_par' dir='ltr' id='par_1_8' title="bbox 57 1219 798 1494">
     <span class='ocr_line' id='line_1_16' title="bbox 59 1219 727 1287; baseline -0.001 -15"><span class='ocrx_word' id='word_1_110' title='bbox 59 1220 113 1272; x_wconf 78' lang='lat' dir='ltr'>Gur</span> <span class='ocrx_word' id='word_1_111' title='bbox 124 1219 207 1286; x_wconf 84' lang='lat' dir='ltr'>rgitur</span> <span class='ocrx_word' id='word_1_112' title='bbox 218 1221 315 1272; x_wconf 90' lang='lat' dir='ltr'>mirum</span> <span class='ocrx_word' id='word_1_113' title='bbox 327 1225 374 1286; x_wconf 86' lang='lat' dir='ltr'>est,</span> <span class='ocrx_word' id='word_1_114' title='bbox 386 1221 489 1271; x_wconf 89' lang='lat' dir='ltr'>animus</span> <span class='ocrx_word' id='word_1_115' title='bbox 502 1221 524 1271; x_wconf 90' lang='lat' dir='ltr'>si</span> <span class='ocrx_word' id='word_1_116' title='bbox 536 1226 622 1271; x_wconf 83' lang='lat' dir='ltr'>cetera</span> <span class='ocrx_word' id='word_1_117' title='bbox 634 1220 727 1287; x_wconf 88' lang='lat' dir='ltr'>perdit,</span> 
     </span>
     <span class='ocr_line' id='line_1_17' title="bbox 59 1288 737 1356; baseline 0.001 -16"><span class='ocrx_word' id='word_1_118' title='bbox 59 1288 159 1340; x_wconf 85' lang='lat' dir='ltr'>Praeter</span> <span class='ocrx_word' id='word_1_119' title='bbox 171 1306 251 1356; x_wconf 86' lang='lat' dir='ltr'>quarn</span> <span class='ocrx_word' id='word_1_120' title='bbox 263 1288 356 1356; x_wconf 90' lang='lat' dir='ltr'>quibus</span> <span class='ocrx_word' id='word_1_121' title='bbox 368 1289 448 1340; x_wconf 89' lang='lat' dir='ltr'>estin</span> <span class='ocrx_word' id='word_1_122' title='bbox 460 1289 536 1339; x_wconf 86' lang='lat' dir='ltr'>rebus</span> <span class='ocrx_word' id='word_1_123' title='bbox 548 1288 653 1339; x_wconf 91' lang='lat' dir='ltr'>deditus</span> <span class='ocrx_word' id='word_1_124' title='bbox 665 1288 737 1356; x_wconf 82' lang='lat' dir='ltr'>ipse‘i</span> 
     </span>
     <span class='ocr_line' id='line_1_18' title="bbox 57 1357 798 1425; baseline -0.001 -16"><span class='ocrx_word' id='word_1_125' title='bbox 57 1357 161 1409; x_wconf 88' lang='lat' dir='ltr'>Deinde</span> <span class='ocrx_word' id='word_1_126' title='bbox 173 1357 344 1425; x_wconf 81' lang='lat' dir='ltr'>adopinamur</span> <span class='ocrx_word' id='word_1_127' title='bbox 356 1358 389 1408; x_wconf 88' lang='lat' dir='ltr'>de</span> <span class='ocrx_word' id='word_1_128' title='bbox 401 1357 482 1423; x_wconf 87' lang='lat' dir='ltr'>signis</span> <span class='ocrx_word' id='word_1_129' title='bbox 494 1357 610 1408; x_wconf 84' lang='lat' dir='ltr'>maxima</span> <span class='ocrx_word' id='word_1_130' title='bbox 622 1358 717 1424; x_wconf 86' lang='lat' dir='ltr'>parvis,</span> <span class='ocrx_word' id='word_1_131' title='bbox 796 1376 798 1381; x_wconf 39' lang='lat'>⁸</span> 
     </span>
     <span class='ocr_line' id='line_1_19' title="bbox 59 1425 733 1494; baseline 0 -17"><span class='ocrx_word' id='word_1_132' title='bbox 59 1425 99 1477; x_wconf 88' lang='lat' dir='ltr'>Ac</span> <span class='ocrx_word' id='word_1_133' title='bbox 111 1442 158 1477; x_wconf 87' lang='lat' dir='ltr'>nos</span> <span class='ocrx_word' id='word_1_134' title='bbox 169 1425 198 1477; x_wconf 92' lang='lat' dir='ltr'>in</span> <span class='ocrx_word' id='word_1_135' title='bbox 210 1426 328 1477; x_wconf 83' lang='lat' dir='ltr'>fraudem</span> <span class='ocrx_word' id='word_1_136' title='bbox 341 1425 475 1477; x_wconf 85' lang='lat' dir='ltr'>induimus</span> <span class='ocrx_word' id='word_1_137' title='bbox 487 1425 664 1477; x_wconf 73' lang='lat' dir='ltr'>frustraminis</span> <span class='ocrx_word' id='word_1_138' title='bbox 676 1426 733 1494; x_wconf 90' lang='lat' dir='ltr'>ipsi.</span> 
     </span>
    </p>

    <p class='ocr_par' dir='ltr' id='par_1_9' title="bbox 61 1494 896 1698">
     <span class='ocr_line' id='line_1_20' title="bbox 95 1494 806 1563; baseline 0.003 -18"><span class='ocrx_word' id='word_1_139' title='bbox 95 1494 140 1546; x_wconf 76' lang='lat' dir='ltr'>Fit</span> <span class='ocrx_word' id='word_1_140' title='bbox 152 1511 260 1562; x_wconf 90' lang='lat' dir='ltr'>quoque,</span> <span class='ocrx_word' id='word_1_141' title='bbox 273 1500 303 1546; x_wconf 89' lang='lat' dir='ltr'>ut</span> <span class='ocrx_word' id='word_1_142' title='bbox 315 1495 447 1546; x_wconf 86' lang='lat' dir='ltr'>interdum</span> <span class='ocrx_word' id='word_1_143' title='bbox 459 1512 512 1546; x_wconf 92' lang='lat' dir='ltr'>non</span> <span class='ocrx_word' id='word_1_144' title='bbox 525 1495 707 1563; x_wconf 88' lang='lat' dir='ltr'>suppeditetur</span> <span class='ocrx_word' id='word_1_145' title='bbox 718 1495 806 1563; x_wconf 80' lang='lat' dir='ltr'>imago</span> 
     </span>
     <span class='ocr_line' id='line_1_21' title="bbox 61 1563 896 1632; baseline 0 -17"><span class='ocrx_word' id='word_1_146' title='bbox 61 1563 188 1631; x_wconf 80' lang='lat' dir='ltr'>Ejusdem</span> <span class='ocrx_word' id='word_1_147' title='bbox 200 1563 302 1630; x_wconf 87' lang='lat' dir='ltr'>generis</span> <span class='ocrx_word' id='word_1_148' title='bbox 309 1582 316 1626; x_wconf 90' lang='lat'>;</span> <span class='ocrx_word' id='word_1_149' title='bbox 329 1563 373 1615; x_wconf 92' lang='lat' dir='ltr'>sed</span> <span class='ocrx_word' id='word_1_150' title='bbox 384 1564 490 1628; x_wconf 84' lang='lat' dir='ltr'>femina,</span> <span class='ocrx_word' id='word_1_151' title='bbox 504 1581 562 1632; x_wconf 85' lang='lat' dir='ltr'>quae</span> <span class='ocrx_word' id='word_1_152' title='bbox 574 1564 626 1615; x_wconf 87' lang='lat' dir='ltr'>fuit</span> <span class='ocrx_word' id='word_1_153' title='bbox 638 1570 700 1616; x_wconf 84' lang='lat' dir='ltr'>ante</span> <span class='ocrx_word' id='word_1_154' title='bbox 845 1567 896 1616; x_wconf 68' lang='lat'>850</span> 
     </span>
     <span class='ocr_line' id='line_1_22' title="bbox 61 1631 750 1698; baseline 0.003 -14"><span class='ocrx_word' id='word_1_155' title='bbox 61 1631 96 1684; x_wconf 92' lang='lat' dir='ltr'>In</span> <span class='ocrx_word' id='word_1_156' title='bbox 106 1631 234 1698; x_wconf 88' lang='lat' dir='ltr'>manibus,</span> <span class='ocrx_word' id='word_1_157' title='bbox 246 1632 287 1684; x_wconf 85' lang='lat' dir='ltr'>vir</span> <span class='ocrx_word' id='word_1_158' title='bbox 299 1638 356 1685; x_wconf 90' lang='lat' dir='ltr'>tum</span> <span class='ocrx_word' id='word_1_159' title='bbox 368 1633 454 1684; x_wconf 84' lang='lat' dir='ltr'>factus</span> <span class='ocrx_word' id='word_1_160' title='bbox 466 1633 588 1685; x_wconf 88' lang='lat' dir='ltr'>videatur</span> <span class='ocrx_word' id='word_1_161' title='bbox 600 1632 702 1686; x_wconf 89' lang='lat' dir='ltr'>adesse:</span> <span class='ocrx_word' id='word_1_162' title='bbox 746 1689 750 1696; x_wconf 66' lang='grc'><strong>,</strong></span> 
     </span>
    </p>

    <p class='ocr_par' dir='ltr' id='par_1_10' title="bbox 61 1700 728 1837">
     <span class='ocr_line' id='line_1_23' title="bbox 61 1700 661 1770; baseline 0.002 -18"><span class='ocrx_word' id='word_1_163' title='bbox 61 1700 119 1752; x_wconf 86' lang='lat' dir='ltr'>Aut</span> <span class='ocrx_word' id='word_1_164' title='bbox 130 1701 183 1753; x_wconf 87' lang='lat' dir='ltr'>alia</span> <span class='ocrx_word' id='word_1_165' title='bbox 195 1718 228 1752; x_wconf 85' lang='lat' dir='ltr'>ex</span> <span class='ocrx_word' id='word_1_166' title='bbox 240 1700 293 1753; x_wconf 88' lang='lat' dir='ltr'>alia</span> <span class='ocrx_word' id='word_1_167' title='bbox 304 1702 383 1753; x_wconf 83' lang='lat' dir='ltr'>facies</span> <span class='ocrx_word' id='word_1_168' title='bbox 396 1708 510 1768; x_wconf 84' lang='lat' dir='ltr'>setasque</span> <span class='ocrx_word' id='word_1_169' title='bbox 524 1707 661 1770; x_wconf 85' lang='lat' dir='ltr'>sequetur:</span> 
     </span>
     <span class='ocr_line' id='line_1_24' title="bbox 62 1770 728 1837; baseline 0.003 -15"><span class='ocrx_word' id='word_1_170' title='bbox 62 1770 138 1834; x_wconf 80' lang='lat' dir='ltr'>Quod</span> <span class='ocrx_word' id='word_1_171' title='bbox 150 1787 183 1821; x_wconf 94' lang='lat' dir='ltr'>ne</span> <span class='ocrx_word' id='word_1_172' title='bbox 195 1770 327 1835; x_wconf 87' lang='lat' dir='ltr'>miremur,</span> <span class='ocrx_word' id='word_1_173' title='bbox 340 1788 414 1837; x_wconf 92' lang='lat' dir='ltr'>sopor</span> <span class='ocrx_word' id='word_1_174' title='bbox 426 1778 506 1837; x_wconf 88' lang='lat' dir='ltr'>atque</span> <span class='ocrx_word' id='word_1_175' title='bbox 518 1771 615 1823; x_wconf 87' lang='lat' dir='ltr'>oblivia</span> <span class='ocrx_word' id='word_1_176' title='bbox 627 1776 728 1825; x_wconf 85' lang='lat' dir='ltr'>curant.</span> 
     </span>
    </p>

    <p class='ocr_par' dir='ltr' id='par_1_11' title="bbox 98 1839 734 1892">
     <span class='ocr_line' id='line_1_25' title="bbox 98 1839 734 1892; baseline 0.003 -2"><span class='ocrx_word' id='word_1_177' title='bbox 98 1839 170 1890; x_wconf 87' lang='lat' dir='ltr'>Illud</span> <span class='ocrx_word' id='word_1_178' title='bbox 181 1839 210 1890; x_wconf 91' lang='lat' dir='ltr'>in</span> <span class='ocrx_word' id='word_1_179' title='bbox 222 1839 263 1890; x_wconf 88' lang='lat' dir='ltr'>his</span> <span class='ocrx_word' id='word_1_180' title='bbox 275 1839 351 1890; x_wconf 91' lang='lat' dir='ltr'>rebus</span> <span class='ocrx_word' id='word_1_181' title='bbox 363 1839 459 1890; x_wconf 84' lang='lat' dir='ltr'>vitium</span> <span class='ocrx_word' id='word_1_182' title='bbox 471 1840 638 1891; x_wconf 86' lang='lat' dir='ltr'>vehementer</span> <span class='ocrx_word' id='word_1_183' title='bbox 650 1840 734 1892; x_wconf 86' lang='lat' dir='ltr'>inesse</span> 
     </span>
    </p>

    <p class='ocr_par' dir='ltr' id='par_1_12' title="bbox 62 1907 683 1976">
     <span class='ocr_line' id='line_1_26' title="bbox 62 1907 683 1976; baseline -0.002 -17"><span class='ocrx_word' id='word_1_184' title='bbox 62 1907 185 1975; x_wconf 87' lang='lat' dir='ltr'>Effugere</span> <span class='ocrx_word' id='word_1_185' title='bbox 197 1925 315 1974; x_wconf 86' lang='lat' dir='ltr'>errorem,</span> <span class='ocrx_word' id='word_1_186' title='bbox 328 1908 463 1974; x_wconf 86' lang='lat' dir='ltr'>vitareque</span> <span class='ocrx_word' id='word_1_187' title='bbox 475 1913 683 1976; x_wconf 83' lang='lat' dir='ltr'>praemetuenter,</span> 
     </span>
    </p>

    <p class='ocr_par' dir='ltr' id='par_1_13' title="bbox 62 1975 648 2042">
     <span class='ocr_line' id='line_1_27' title="bbox 62 1975 648 2042; baseline 0 -14"><span class='ocrx_word' id='word_1_188' title='bbox 62 1975 177 2028; x_wconf 75' lang='lat' dir='ltr'>Irumina</span> <span class='ocrx_word' id='word_1_189' title='bbox 188 1994 221 2028; x_wconf 92' lang='lat' dir='ltr'>ne</span> <span class='ocrx_word' id='word_1_190' title='bbox 233 1977 314 2028; x_wconf 80' lang='lat' dir='ltr'>facias</span> <span class='ocrx_word' id='word_1_191' title='bbox 327 1976 461 2028; x_wconf 90' lang='lat' dir='ltr'>oculorum</span> <span class='ocrx_word' id='word_1_192' title='bbox 473 1977 543 2029; x_wconf 89' lang='lat' dir='ltr'>clara</span> <span class='ocrx_word' id='word_1_193' title='bbox 555 1983 648 2042; x_wconf 87' lang='lat' dir='ltr'>creata,</span> 
     </span>
    </p>

    <p class='ocr_par' dir='ltr' id='par_1_14' title="bbox 63 2045 696 2114">
     <span class='ocr_line' id='line_1_28' title="bbox 63 2045 696 2114; baseline 0.003 -18"><span class='ocrx_word' id='word_1_194' title='bbox 63 2045 214 2113; x_wconf 90' lang='lat' dir='ltr'>Prospicere</span> <span class='ocrx_word' id='word_1_195' title='bbox 226 2051 256 2097; x_wconf 89' lang='lat' dir='ltr'>ut</span> <span class='ocrx_word' id='word_1_196' title='bbox 267 2045 408 2113; x_wconf 86' lang='lat' dir='ltr'>possimus:</span> <span class='ocrx_word' id='word_1_197' title='bbox 427 2051 461 2111; x_wconf 84' lang='lat' dir='ltr'>et,</span> <span class='ocrx_word' id='word_1_198' title='bbox 473 2052 504 2097; x_wconf 84' lang='lat' dir='ltr'>ut</span> <span class='ocrx_word' id='word_1_199' title='bbox 516 2046 630 2114; x_wconf 87' lang='lat' dir='ltr'>proferre</span> <span class='ocrx_word' id='word_1_200' title='bbox 641 2045 696 2098; x_wconf 74' lang='lat' dir='ltr'>viai</span> 
     </span>
    </p>

    <p class='ocr_par' dir='ltr' id='par_1_15' title="bbox 64 2114 571 2182">
     <span class='ocr_line' id='line_1_29' title="bbox 64 2114 571 2182; baseline 0.004 -18"><span class='ocrx_word' id='word_1_201' title='bbox 64 2114 187 2166; x_wconf 88' lang='lat' dir='ltr'>Proceros</span> <span class='ocrx_word' id='word_1_202' title='bbox 199 2131 297 2182; x_wconf 86' lang='lat' dir='ltr'>passus,</span> <span class='ocrx_word' id='word_1_203' title='bbox 309 2114 367 2165; x_wconf 89' lang='lat' dir='ltr'>ideo</span> <span class='ocrx_word' id='word_1_204' title='bbox 379 2114 487 2182; x_wconf 82' lang='lat' dir='ltr'>fastigia</span> <span class='ocrx_word' id='word_1_205' title='bbox 499 2132 571 2182; x_wconf 90' lang='lat' dir='ltr'>posse</span> 
     </span>
    </p>

    <p class='ocr_par' dir='ltr' id='par_1_16' title="bbox 63 2182 736 2251">
     <span class='ocr_line' id='line_1_30' title="bbox 63 2182 736 2251; baseline 0 -16"><span class='ocrx_word' id='word_1_206' title='bbox 63 2182 190 2235; x_wconf 85' lang='lat' dir='ltr'>Surarum</span> <span class='ocrx_word' id='word_1_207' title='bbox 202 2199 233 2234; x_wconf 87' lang='lat' dir='ltr'>ac</span> <span class='ocrx_word' id='word_1_208' title='bbox 244 2183 372 2234; x_wconf 83' lang='lat' dir='ltr'>feminum</span> <span class='ocrx_word' id='word_1_209' title='bbox 384 2183 493 2250; x_wconf 89' lang='lat' dir='ltr'>pedibus</span> <span class='ocrx_word' id='word_1_210' title='bbox 505 2183 617 2235; x_wconf 86' lang='lat' dir='ltr'>fundata</span> <span class='ocrx_word' id='word_1_211' title='bbox 629 2182 736 2251; x_wconf 78' lang='lat' dir='ltr'>plicari3</span> 
     </span>
    </p>

    <p class='ocr_par' dir='ltr' id='par_1_17' title="bbox 64 2251 900 2390">
     <span class='ocr_line' id='line_1_31' title="bbox 64 2251 900 2321; baseline -0.001 -17"><span class='ocrx_word' id='word_1_212' title='bbox 64 2251 178 2304; x_wconf 89' lang='lat' dir='ltr'>Brachia</span> <span class='ocrx_word' id='word_1_213' title='bbox 189 2257 246 2303; x_wconf 91' lang='lat' dir='ltr'>tum</span> <span class='ocrx_word' id='word_1_214' title='bbox 258 2269 333 2320; x_wconf 89' lang='lat' dir='ltr'>porro</span> <span class='ocrx_word' id='word_1_215' title='bbox 345 2252 439 2304; x_wconf 78' lang='lat' dir='ltr'>validis</span> <span class='ocrx_word' id='word_1_216' title='bbox 451 2270 485 2304; x_wconf 86' lang='lat' dir='ltr'>ex</span> <span class='ocrx_word' id='word_1_217' title='bbox 497 2259 559 2321; x_wconf 86' lang='lat' dir='ltr'>apta</span> <span class='ocrx_word' id='word_1_218' title='bbox 571 2253 675 2305; x_wconf 81' lang='lat' dir='ltr'>lacertis</span> <span class='ocrx_word' id='word_1_219' title='bbox 757 2260 760 2264; x_wconf 77' lang='grc'><em>’</em></span> <span class='ocrx_word' id='word_1_220' title='bbox 848 2253 900 2303; x_wconf 84' lang='grc'>830</span> 
     </span>
     <span class='ocr_line' id='line_1_32' title="bbox 64 2320 777 2390; baseline -0.004 -17"><span class='ocrx_word' id='word_1_221' title='bbox 64 2321 136 2386; x_wconf 86' lang='lat' dir='ltr'>Esse,</span> <span class='ocrx_word' id='word_1_222' title='bbox 149 2337 293 2388; x_wconf 87' lang='lat' dir='ltr'>manusque</span> <span class='ocrx_word' id='word_1_223' title='bbox 305 2321 387 2387; x_wconf 89' lang='lat' dir='ltr'>datas,</span> <span class='ocrx_word' id='word_1_224' title='bbox 400 2328 510 2389; x_wconf 87' lang='lat' dir='ltr'>utraque</span> <span class='ocrx_word' id='word_1_225' title='bbox 523 2339 539 2373; x_wconf 91' lang='lat' dir='ltr'>a</span> <span class='ocrx_word' id='word_1_226' title='bbox 550 2327 625 2390; x_wconf 88' lang='lat' dir='ltr'>parte</span> <span class='ocrx_word' id='word_1_227' title='bbox 637 2320 777 2386; x_wconf 84' lang='lat' dir='ltr'>ministras,</span> 
     </span>
    </p>

    <p class='ocr_par' dir='ltr' id='par_1_18' title="bbox 65 2389 727 2456">
     <span class='ocr_line' id='line_1_33' title="bbox 65 2389 727 2456; baseline -0.005 -14"><span class='ocrx_word' id='word_1_228' title='bbox 65 2390 105 2442; x_wconf 89' lang='lat' dir='ltr'>Ut</span> <span class='ocrx_word' id='word_1_229' title='bbox 116 2390 201 2441; x_wconf 83' lang='lat' dir='ltr'>fecere</span> <span class='ocrx_word' id='word_1_230' title='bbox 213 2389 247 2441; x_wconf 88' lang='lat' dir='ltr'>ad</span> <span class='ocrx_word' id='word_1_231' title='bbox 259 2390 341 2442; x_wconf 84' lang='lat' dir='ltr'>vitam</span> <span class='ocrx_word' id='word_1_232' title='bbox 354 2407 493 2456; x_wconf 88' lang='lat' dir='ltr'>possemus,</span> <span class='ocrx_word' id='word_1_233' title='bbox 507 2407 565 2456; x_wconf 84' lang='lat' dir='ltr'>quse</span> <span class='ocrx_word' id='word_1_234' title='bbox 578 2391 645 2440; x_wconf 84' lang='lat' dir='ltr'>foret</span> <span class='ocrx_word' id='word_1_235' title='bbox 656 2405 727 2440; x_wconf 87' lang='lat' dir='ltr'>usus.</span> 
     </span>
    </p>

    <p class='ocr_par' dir='ltr' id='par_1_19' title="bbox 66 2459 833 2595">
     <span class='ocr_line' id='line_1_34' title="bbox 101 2459 833 2526; baseline 0.001 -16"><span class='ocrx_word' id='word_1_236' title='bbox 101 2459 192 2511; x_wconf 80' lang='lat' dir='ltr'>Cetera</span> <span class='ocrx_word' id='word_1_237' title='bbox 204 2460 236 2510; x_wconf 90' lang='lat' dir='ltr'>de</span> <span class='ocrx_word' id='word_1_238' title='bbox 249 2476 342 2525; x_wconf 78' lang='lat' dir='ltr'>genere</span> <span class='ocrx_word' id='word_1_239' title='bbox 354 2459 411 2523; x_wconf 91' lang='lat' dir='ltr'>hoc,</span> <span class='ocrx_word' id='word_1_240' title='bbox 423 2460 492 2510; x_wconf 87' lang='lat' dir='ltr'>inter</span> <span class='ocrx_word' id='word_1_241' title='bbox 505 2474 675 2526; x_wconf 90' lang='lat' dir='ltr'>quaecumque</span> <span class='ocrx_word' id='word_1_242' title='bbox 687 2461 833 2525; x_wconf 67' lang='lat' dir='ltr'>metantur,</span> 
     </span>
     <span class='ocr_line' id='line_1_35' title="bbox 66 2527 660 2595; baseline -0.002 -16"><span class='ocrx_word' id='word_1_243' title='bbox 66 2527 162 2580; x_wconf 87' lang='lat' dir='ltr'>Omnia</span> <span class='ocrx_word' id='word_1_244' title='bbox 174 2545 292 2595; x_wconf 86' lang='lat' dir='ltr'>perversa</span> <span class='ocrx_word' id='word_1_245' title='bbox 304 2533 461 2595; x_wconf 87' lang='lat' dir='ltr'>praepostera</span> <span class='ocrx_word' id='word_1_246' title='bbox 473 2534 535 2580; x_wconf 90' lang='lat' dir='ltr'>sunt</span> <span class='ocrx_word' id='word_1_247' title='bbox 546 2527 660 2578; x_wconf 85' lang='lat' dir='ltr'>ratione:</span> 
     </span>
    </p>

    <p class='ocr_par' dir='ltr' id='par_1_20' title="bbox 65 2595 755 2667">
     <span class='ocr_line' id='line_1_36' title="bbox 65 2595 755 2667; baseline -0.001 -20"><span class='ocrx_word' id='word_1_248' title='bbox 65 2596 113 2648; x_wconf 87' lang='lat' dir='ltr'>Nil</span> <span class='ocrx_word' id='word_1_249' title='bbox 125 2596 182 2648; x_wconf 87' lang='lat' dir='ltr'>ideo</span> <span class='ocrx_word' id='word_1_250' title='bbox 195 2597 318 2663; x_wconf 87' lang='lat' dir='ltr'>quoniam</span> <span class='ocrx_word' id='word_1_251' title='bbox 329 2603 420 2648; x_wconf 88' lang='lat' dir='ltr'>natum</span> <span class='ocrx_word' id='word_1_252' title='bbox 435 2597 518 2650; x_wconf 82' lang='lat' dir='ltr'>estin</span> <span class='ocrx_word' id='word_1_253' title='bbox 531 2600 695 2667; x_wconf 58' lang='lat' dir='ltr'>corporum·</span> <span class='ocrx_word' id='word_1_254' title='bbox 703 2595 755 2647; x_wconf 65' lang='lat' dir='ltr'>uti</span> 
     </span>
    </p>
   </div>
   <div class='ocr_carea' id='block_1_3' title="bbox 61 2665 841 2742">
    <p class='ocr_par' dir='ltr' id='par_1_21' title="bbox 61 2665 841 2742">
     <span class='ocr_line' id='line_1_37' title="bbox 61 2665 841 2742; baseline 0.009 -28"><span class='ocrx_word' id='word_1_255' title='bbox 61 2665 213 2728; x_wconf 60' lang='lat' dir='ltr'>Possemus,</span> <span class='ocrx_word' id='word_1_256' title='bbox 230 2666 283 2734; x_wconf 86' lang='lat' dir='ltr'>sed,</span> <span class='ocrx_word' id='word_1_257' title='bbox 294 2668 366 2736; x_wconf 88' lang='lat' dir='ltr'>quod</span> <span class='ocrx_word' id='word_1_258' title='bbox 379 2675 479 2723; x_wconf 87' lang='lat' dir='ltr'>natum</span> <span class='ocrx_word' id='word_1_259' title='bbox 491 2676 546 2742; x_wconf 85' lang='lat' dir='ltr'>est,</span> <span class='ocrx_word' id='word_1_260' title='bbox 554 2669 588 2724; x_wconf 84' lang='lat' dir='ltr'>id</span> <span class='ocrx_word' id='word_1_261' title='bbox 597 2672 730 2740; x_wconf 68' lang='lat' dir='ltr'>procreet</span> <span class='ocrx_word' id='word_1_262' title='bbox 738 2677 841 2715; x_wconf 58' lang='lat' dir='ltr'>mm·</span> 
     </span>
    </p>
   </div>
   <div class='ocr_carea' id='block_1_4' title="bbox 0 0 1000 2970">
    <p class='ocr_par' dir='ltr' id='par_1_22' title="bbox 0 0 1000 2970">
     <span class='ocr_line' id='line_1_38' title="bbox 0 0 1000 2970; baseline 0 0"><span class='ocrx_word' id='word_1_263' title='bbox 0 0 1000 2970; x_wconf 95' lang='lat' dir='ltr'> </span> 
     </span>
    </p>
   </div>
  </div>
 </body>
</html>
