1928 2964
337 136 445 189 LIBER
463 136 626 202 QUINTUS.
848 143 896 194 179

57 247 163 302 Invidia
175 247 305 316 quoniam,
317 263 366 298 oeu
376 246 495 312 fulmine,
508 263 610 298 summu
621 249 750 313 vaporant
828 249 896 298 1130

57 317 224 384 Plerumque,
237 322 264 368 et
276 332 334 383 quse
347 321 409 367 sunt
421 315 482 367 altis
493 315 577 382 magis
590 314 661 366 editu
673 330 797 382 cumque:

57 385 275 452 Quandoquidem
287 384 393 451 sapiunt
406 383 491 435 alieno
503 401 537 434 ex
549 400 599 448 ore,
612 388 760 451 petuntque

56 453 109 506 Res
121 471 155 505 ex
167 453 264 506 auditis
276 453 371 521 potius,
384 469 463 519 quum
475 451 592 503 sensibus
604 451 681 520 ipsis:

56 521 113 576 Neo
124 523 209 589 magis
220 522 249 572 id
260 537 331 573 nune
343 527 390 587 est,
401 531 450 572 neo
462 521 512 572 erit
524 537 593 586 mox,
606 537 685 587 quom
696 519 750 572 fuit
761 526 831 573 unte.

91 591 169 658 Ergo,
181 590 286 657 regibus
298 589 395 654 ooeisis,
408 588 531 642 subverse
539 589 646 656 jacebat

56 657 173 711 Pristinu
184 660 306 726 majestas
319 658 440 710 soliorum
452 665 479 709 et
491 666 593 725 seeptro
605 657 733 727 superbu;

56 727 92 780 Et
105 728 199 796 capitis
211 727 307 779 summi
319 726 473 795 praeelurum
484 726 588 793 insigne
600 732 740 778 cruentum

56 796 113 849 Sub
124 796 233 865 pedibus
243 795 318 862 vulgi
328 812 455 862 magnum
467 795 574 862 lugebat
585 795 721 847 honorem:

55 864 126 918 Nam
138 865 232 933 cupide
244 864 413 916 conculcatur
424 864 502 915 nimis
514 870 576 915 ante
588 870 727 916 moturum„

92 934 144 986 Res
156 934 245 1002 itaque
257 933 292 985 od
304 949 433 984 summum
444 934 533 984 faecem
547 933 689 1000 turbasque
700 932 810 998 redibat,
825 937 893 985 1140

57 1003 203 1070 Imperium
215 1001 265 1054 sibi
277 1019 358 1069 quum
370 1018 401 1053 eo
413 1007 574 1053 summatum
585 1001 694 1069 quisque
706 1001 821 1070 petebat.

55 1071 123 1123 Inde
134 1072 320 1138 magistratum
332 1070 429 1138 partim
441 1070 551 1122 docuere
563 1087 657 1135 creare,

54 1140 76 1193 J
76 1157 177 1208 uroque
188 1139 353 1205 constituere,
366 1144 397 1190 ut
409 1138 508 1190 vellent
519 1138 621 1205 legibus
634 1139 688 1191 uti:

54 1207 81 1261 N
82 1226 126 1261 um
137 1225 220 1275 genus
232 1209 384 1274 humanum,
397 1207 527 1259 defessum
539 1207 567 1259 vi
579 1207 661 1260 colere
672 1224 765 1274 sevum,

54 1276 98 1328 Ex
109 1277 257 1329 inimicitiis
268 1276 425 1344 languebut3
438 1292 490 1343 quo
502 1275 586 1343 magis
598 1275 685 1343 ipsum

54 1344 155 1413 Sponte
167 1362 215 1398 suu
226 1345 321 1397 cecidit
333 1345 381 1397 sub
393 1345 464 1412 leges
475 1351 599 1414 oretaque
608 1347 620 1412 j
624 1361 676 1396 ure.

54 1414 150 1466 Acrius
162 1431 196 1466 ex
207 1414 247 1466 ira
259 1413 328 1481 quod
339 1413 410 1465 enim
422 1431 449 1465 se
461 1413 570 1480 quisque
581 1413 690 1481 perabat

54 1481 160 1547 Ulcimi,
173 1499 252 1550 quem
264 1499 334 1534 nuno
346 1498 496 1535 conoessum
507 1488 547 1534 est
559 1482 661 1549 legibus
673 1481 753 1549 aequis
760 1501 768 1545 ;

54 1550 136 1603 Hane
148 1551 181 1602 ob
193 1569 248 1603 rem
260 1556 299 1602 est
310 1550 428 1602 homines
440 1557 581 1618 pertaesum
590 1551 618 1602 vi
630 1551 712 1603 colere
724 1567 817 1604 aevum.

54 1618 133 1672 Unde
144 1626 230 1672 metus
242 1619 358 1672 maculet
370 1637 506 1688 poenurum
518 1620 626 1688 praemia
638 1621 706 1675 vitae.
824 1626 891 1675 1150

55 1687 223 1740 Oiroumretit
235 1688 306 1741 enim
317 1688 356 1740 vis
368 1697 449 1756 utque
460 1689 558 1756 injurie
570 1706 706 1757 quemque,

53 1757 149 1824 Atque,
162 1757 232 1809 unde
244 1763 335 1808 exortu
346 1763 393 1822 est,
405 1757 440 1809 od
452 1775 513 1809 eum
525 1758 678 1825 plerumque
689 1759 798 1811 revertit
805 1778 813 1823 ;

53 1823 109 1877 Nee
121 1825 199 1878 facile
212 1831 251 1877 est
262 1825 394 1893 placidam
405 1843 436 1877 uo
448 1832 570 1894 puostam
582 1825 675 1893 degere
687 1828 778 1894 vitam,

54 1892 107 1957 Qui
118 1894 200 1945 violat
212 1893 289 1946 fectis
301 1895 449 1946 eommunia
459 1894 558 1946 foederu
569 1895 648 1961 pecie.

52 1960 112 2013 Etsi
124 1962 196 2014 fallit
207 1963 278 2014 enim
289 1963 382 2014 divum
393 1979 476 2030 genus
488 1962 692 2030 humanumque,

52 2029 185 2099 Perpetuo
197 2037 286 2083 tumen
298 2031 326 2082 id
337 2031 392 2084 fore
404 2032 472 2083 clem
484 2030 600 2082 diffidere
612 2031 702 2083 debet:

53 2098 158 2168 Quippe
170 2099 217 2150 ubi
229 2117 256 2150 se
268 2100 347 2152 multi
359 2118 405 2168 per
417 2100 517 2152 somnia
529 2116 596 2168 saepe
608 2101 752 2169 loquentes,

52 2168 109 2220 Aut
122 2168 210 2220 morbo
222 2167 369 2235 delirantes,
382 2176 504 2236 protraxe
515 2169 641 2235 ferentur,

52 2235 89 2288 Et
101 2236 186 2288 celata
198 2236 245 2287 diu
255 2237 284 2288 in
295 2237 412 2289 medium
424 2244 533 2305 peccate
544 2238 652 2291 dedisse.

87 2305 113 2356 N
114 2322 166 2357 uno
176 2322 235 2372 quae
243 2323 321 2357 cause
330 2305 410 2357 deum
420 2323 465 2373 per
472 2324 580 2373 magnes
589 2307 698 2358 numina
706 2311 796 2374 gentos
822 2309 889 2358 1160

52 2372 228 2441 Provulgerit,
241 2379 268 2425 et
279 2391 385 2426 ararum
396 2375 565 2444 compleverit
577 2375 661 2442 urbes,

51 2442 276 2510 Suscipienduque
288 2443 386 2494 curarit
399 2443 515 2495 solennia
527 2461 608 2508 sacre,

52 2511 117 2576 Quse
130 2528 201 2563 nuno
213 2511 242 2562 in
253 2512 355 2578 magnis
367 2511 460 2564 florent
474 2529 546 2564 suoru
557 2511 629 2563 rebu'
641 2512 770 2580 locisque:

51 2579 129 2633 Unde
141 2581 222 2632 etium
234 2597 303 2632 nuno
316 2588 355 2632 est
366 2581 519 2632 mortalibus
531 2580 626 2632 insitus
638 2581 734 2650 horror,

51 2648 104 2714 Qui
116 2649 225 2702 delubra
237 2648 316 2700 deum
328 2665 396 2701 nove
407 2656 462 2701 toto
475 2650 585 2702 suscitet
597 2650 652 2702 orbi
