1964 2970
344 161 452 215 LIBER
470 160 631 226 QUINTUS.
853 164 902 213 165

66 267 122 318 Aut
134 265 180 317 ubi
192 266 224 318 de
236 265 314 332 longo
326 281 403 316 cursu
416 265 454 316 sol
466 265 559 317 ultima
571 266 630 317 coeli
850 269 901 317 650

67 334 187 404 Impulit,
199 341 278 402 atque
290 350 349 385 suos
362 334 460 386 efflavit
471 335 612 401 languidus
625 335 699 400 ignes

66 405 212 456 Concuseos
224 403 297 469 itere,
309 409 336 454 et
348 403 489 454 labefactos
502 405 562 455 aire
574 403 674 456 multo:

65 474 129 538 Ant,
142 473 204 540 quia
216 471 264 523 sub
276 478 359 523 terras
371 488 476 522 cursum
488 479 637 523 convertere
649 472 720 539 cogit

66 540 113 592 Vis
126 540 224 607 eadem,
237 557 316 608 supra
328 546 410 591 terras
423 557 480 607 quae
492 540 610 608 pertulit,
623 539 717 592 orbem.

100 609 225 676 Tempore
237 609 302 660 item
314 614 384 659 certo
395 625 495 660 roseam
507 609 614 660 Matuta
625 625 672 677 per
684 626 741 661 oras

65 677 181 729 AEtheris
190 678 319 728 Amorem
331 676 422 744 defert,
432 684 459 728 et
471 677 574 728 lumina
586 677 693 745 pandit;

65 747 128 806 Aut,
141 745 202 812 qnia
214 745 333 797 aolidem
346 746 394 796 sub
407 753 488 796 terras
500 745 545 796 ille
557 753 690 796 revertens

64 814 203 882 Anticipat
216 813 310 865 coelnm
321 813 402 864 radiis
414 814 554 864 accendere
566 819 686 876 tentane3
700 824 701 827 ’

56 884 127 948 -Aut,
141 883 202 948 quia
214 882 374 935 conveniunt
386 883 466 948 ignes,
479 888 505 933 et
518 883 618 933 semina
630 883 716 934 multa

65 950 200 1003 Oonfiuere
211 951 310 1003 ardoris
322 956 480 1002 consuerunt
494 956 608 1019 tempore
620 957 698 1017 certo,
850 955 900 1004 660

66 1021 131 1084 Qua
142 1019 245 1072 faciunt
257 1019 317 1071 solis
329 1035 398 1071 nova
410 1035 511 1087 semper
522 1018 623 1071 lumina
635 1019 716 1087 gigni.

349 1141 396 1194 Ea
407 1141 459 1194 Idc
470 1142 537 1194 visio
549 1142 616 1195 solis.

66 1223 142 1288 Quod
154 1241 237 1290 genus
250 1224 328 1276 Idaeis
339 1225 411 1277 fama
423 1232 462 1277 est
474 1242 489 1277 e
500 1226 633 1278 montibus
645 1226 706 1278 altis

66 1293 201 1360 Dispersos
213 1294 287 1360 ignes
299 1295 394 1345 orienti
406 1295 505 1345 lumine
518 1294 597 1362 cerni,

66 1361 132 1413 Inde
144 1363 212 1414 coire
224 1361 332 1428 globum
344 1363 420 1428 quasi
431 1363 460 1413 in
471 1379 563 1429 unum,
576 1369 602 1414 et
615 1362 740 1415 conficere
753 1363 848 1416 orbem.

99 1431 125 1482 N
126 1447 155 1482 ec
167 1437 256 1482 tamen
268 1430 335 1482 illud
347 1431 376 1482 in
386 1430 429 1482 his
440 1431 516 1482 rebus
528 1432 647 1484 mirabile
659 1431 737 1484 debet

64 1498 134 1564 Esse,
147 1499 216 1567 quod
228 1499 284 1551 haec
296 1499 364 1566 ignis
376 1506 432 1551 tam
444 1507 514 1552 certo
526 1507 642 1569 tempore
654 1501 755 1569 possint

64 1567 171 1620 Semina
182 1567 318 1634 confluere,
331 1575 357 1620 et
370 1570 430 1620 solis
441 1586 562 1636 reparare
574 1571 692 1622 nitorem.

64 1635 153 1688 Multa
164 1637 283 1688 videmus
295 1637 372 1701 enim,
385 1645 455 1690 certo
468 1655 527 1706 quae
539 1646 654 1707 tempore
667 1639 735 1691 fiunt

65 1705 193 1757 Omnibus
204 1705 234 1756 in
245 1705 335 1757 rebus:
353 1707 492 1759 florescunt
504 1714 620 1776 tempore
632 1715 702 1760 certo

63 1773 186 1839 Arbusta,
200 1779 226 1825 et
239 1780 308 1826 certo
321 1775 461 1826 dimittunt
473 1782 589 1843 tempore
600 1775 696 1828 florem.
848 1779 900 1829 670

64 1842 90 1893 N
90 1859 119 1893 ec
131 1842 218 1893 minus
229 1842 258 1893 in
270 1849 340 1894 certo
352 1842 444 1894 dentes
457 1844 548 1895 cadere
559 1844 671 1911 imperat
683 1849 746 1896 oetas

64 1910 196 1979 Tempore,
210 1917 236 1962 et
248 1911 383 1978 impubem
394 1911 467 1961 molli
479 1911 618 1979 pubescere
631 1919 709 1979 veste,

63 1978 100 2030 Et
112 1980 210 2046 pariter
220 1979 326 2031 mollem
337 1978 414 2030 malis
426 1979 565 2031 demittere
576 1979 690 2032 barbam.

63 2047 187 2100 Fulmina
198 2054 335 2116 postremo,
348 2048 403 2114 nix,
416 2047 517 2114 imbres,
530 2048 629 2115 nubila,
642 2049 721 2116 venti,

62 2115 90 2167 N
90 2133 124 2168 on
136 2117 214 2168 nimis
226 2117 333 2168 incertis
345 2116 414 2168 fiunt
426 2117 455 2167 in
467 2117 586 2185 partibus
597 2118 667 2170 anni.

63 2185 192 2252 Namque,
204 2185 250 2236 ubi
263 2186 299 2236 sic
310 2186 419 2237 fuerunt
431 2202 569 2237 causarum
581 2187 688 2238 exordia
700 2187 794 2255 prima,

63 2254 151 2321 Atque
164 2254 205 2304 uti
217 2271 257 2305 res
268 2254 361 2306 mundi
374 2255 489 2306 cecidere
501 2253 534 2306 ab
547 2255 646 2322 origine
658 2256 750 2322 prima,

64 2322 199 2389 Consequa
211 2329 307 2374 natura
319 2330 358 2375 est
366 2324 424 2390 jam
435 2341 522 2375 rerum
535 2341 567 2375 ex
580 2324 669 2375 ordine
681 2331 758 2376 certo.

291 2434 332 2488 De
343 2436 385 2488 die
396 2436 472 2506 looqo
484 2445 507 2489 et
518 2445 587 2488 nocte
599 2435 675 2488 beot.

98 2519 215 2573 Crescere
228 2520 344 2588 itemque
356 2521 411 2573 dies
423 2522 492 2587 licet,
505 2529 532 2573 ct
544 2521 674 2573 tabescere
686 2527 774 2573 noctes
781 2539 788 2584 3

63 2589 99 2641 Et
111 2589 197 2640 minui
208 2588 287 2656 luces,
301 2605 382 2657 quum
395 2597 500 2642 sumant
513 2591 641 2658 augmina
650 2596 763 2653 noctes,
853 2592 912 2636 Q

60 2660 122 2723 Aut,
137 2658 198 2724 quia
209 2658 248 2710 soi
259 2658 331 2712 idem
343 2658 394 2713 sub
406 2667 493 2716 terras
504 2668 590 2732 atque
602 2676 724 2730 superne
