1928 2964
346 154 453 208 LIBER
471 154 609 208 SEXTUS.
842 155 895 208 217

55 257 150 325 Frigus
162 263 194 308 ut
206 273 222 308 a
233 256 327 325 fluviis
341 256 411 308 calor
422 275 438 308 a
450 258 510 322 sole,
523 264 602 308 aestus
614 256 647 307 ab
660 255 738 306 undis

54 326 185 394 liquoris,
198 342 287 376 exesor
299 343 438 377 moerorum
451 327 529 378 litora
542 332 660 392 propter:

54 395 110 447 Nec
123 394 190 447 varii
202 400 304 446 cessant
316 395 415 446 sonitus
427 412 533 446 manare
545 412 591 462 per
602 410 686 445 auras.

53 463 182 531 Denique,
189 463 218 513 in
230 479 257 514 os
270 463 331 514 salsi
343 464 416 514 venit
427 464 520 515 humor
532 480 599 530 saepe
611 462 715 530 saporis,

54 532 143 596 Quum
154 544 371 584 mareversamur
382 541 502 600 propter3
520 532 656 599 dilutaque
669 536 759 583 contra
844 533 894 581 930

54 601 142 664 Quum
154 601 255 653 tuimur
265 601 368 652 misceri
380 601 518 666 absinthia,
531 601 618 667 tangit
631 617 744 652 amaror:

54 667 142 737 Usque
154 670 218 721 adeo
230 668 350 720 omuibus
361 669 394 720 ab
406 670 483 722 rebus
494 687 535 721 res
547 686 658 736 quaeque
669 669 781 721 fluenter

52 737 155 803 Fertur,
168 744 195 789 et
206 737 236 789 in
247 744 355 789 cunctas
368 737 512 789 dimittitur
523 739 640 804 undique
652 745 739 806 partes
750 756 756 790 ε

54 806 110 858 Nec
122 823 202 873 mora,
214 823 262 858 nec
274 807 375 874 requies
387 807 456 858 inter
468 807 546 858 datur
558 807 613 858 ulla
625 806 739 869 fluendi;

53 874 185 943 Perpetuo
198 876 321 943 quoniam
335 876 468 940 sentimus,
482 882 508 926 et
521 876 608 926 omnia
621 892 721 943 semper

52 943 171 1011 Cernere,
184 945 285 995 odorari
297 944 367 1009 licet,
379 951 406 995 et
419 945 515 996 sentire
528 962 618 995 sonare

87 1013 166 1065 Nunc
179 1029 267 1064 omnes
279 1019 396 1080 repetam
408 1030 487 1079 quam
499 1030 557 1065 raro
570 1030 674 1080 corpore
686 1013 739 1064 sint
750 1029 791 1064 res

53 1080 266 1147 Oommemorare,
279 1081 349 1149 quod
361 1082 389 1132 in
402 1082 485 1149 primo
497 1099 600 1148 quoque
612 1083 727 1133 carmine
740 1081 827 1132 claret.

52 1150 156 1218 Quippe
169 1151 274 1217 etenim,
287 1167 446 1217 quamquam
458 1150 556 1202 multas
568 1151 616 1202 hoc
629 1151 744 1218 pertinet
756 1151 790 1201 ad
801 1167 842 1201 res

52 1218 172 1286 Noscere‚
185 1235 245 1270 cum
257 1219 348 1286 primis
360 1218 429 1271 hanc
441 1219 475 1269 ad
486 1236 543 1270 rem
554 1220 674 1288 protinus
686 1219 778 1286 ipsam,
822 1225 825 1231 '
842 1221 893 1269 940

53 1288 113 1351 Qua
126 1288 158 1338 de
170 1288 295 1339 disserere
307 1288 451 1354 aggredior,
464 1287 567 1340 firmare
579 1305 682 1340 necesse
694 1294 741 1354 est,

51 1355 97 1408 Nil
110 1373 165 1408 esse
177 1356 206 1407 in
218 1363 349 1424 promptu,
361 1357 413 1407 nisi
424 1357 538 1408 mixtum
551 1375 643 1424 corpus
656 1357 736 1410 inani.

85 1424 219 1492 Principio
231 1425 270 1491 fit,
282 1431 314 1476 ut
325 1425 355 1476 in
367 1425 498 1492 speluncis
511 1443 575 1477 saxa
587 1443 700 1494 superna

50 1491 154 1546 Sudent
166 1494 281 1558 humore,
294 1500 321 1545 et
333 1494 418 1560 guttis
430 1494 594 1546 manantibu'
608 1494 722 1547 stillent:

50 1560 148 1614 Manat
160 1563 225 1614 item
237 1563 311 1614 nobis
323 1580 337 1614 e
351 1568 406 1614 toto
419 1579 524 1631 corpore
536 1564 630 1627 sudor;

50 1630 149 1683 Crescit
160 1630 242 1682 barba
253 1632 354 1700 pilique
365 1648 411 1699 per
423 1633 511 1684 omnia
522 1633 644 1700 membra,
657 1651 704 1700 per
716 1639 802 1686 artus:

48 1699 158 1752 Diditus
169 1700 199 1751 in
211 1717 290 1752 venas
303 1701 376 1752 cibus
388 1717 485 1765 omnes,
498 1708 578 1768 auget
590 1702 690 1770 alitque

49 1768 169 1836 (lorporis
182 1775 311 1821 extremas
323 1786 426 1837 quoque
439 1777 527 1837 partes
540 1772 755 1838 unguiculosque.

49 1836 146 1904 Frigus
158 1837 223 1888 item
235 1838 346 1890 transire
358 1855 405 1904 per
417 1855 460 1902 as,
474 1838 640 1906 calidumque
652 1857 782 1906 vaporem,

49 1905 198 1969 Sentimus;
217 1908 344 1958 sentimus
356 1907 420 1958 item
433 1907 544 1958 transire
556 1924 602 1975 per
614 1924 707 1959 aurum
841 1911 893 1960 950

48 1976 139 2041 Atque
151 1992 198 2042 per
210 1983 357 2042 argentum,
370 1992 451 2042 quum
463 1975 558 2042 pocula
570 1975 648 2042 plena
659 1981 788 2029 tenemus.

48 2042 179 2110 Denique,
192 2061 239 2111 per
250 2044 365 2112 dissepta
378 2045 513 2095 domorum
527 2062 606 2097 saxea
619 2061 694 2096 voces

48 2111 222 2178 Pervolitant‚
235 2119 372 2180 permanat
384 2113 452 2178 odos,
465 2113 606 2180 frigusque,
619 2131 750 2182 vaposque

48 2180 124 2249 Ignis
134 2199 141 2243 ;
161 2181 207 2248 qui
218 2181 281 2233 ferri
293 2198 395 2249 quoque
407 2182 462 2232 vim
474 2188 610 2248 penetrare
623 2184 711 2236 suevit

46 2249 177 2316 Denique,
190 2267 242 2330 qua
254 2251 354 2302 circum
366 2249 442 2302 colli'
454 2249 535 2301 lorica
547 2258 660 2305 coercet:

47 2318 173 2371 Morbida
183 2335 274 2384 visque
287 2319 373 2384 simul,
386 2335 468 2385 quum
480 2320 643 2372 extrinsecus
654 2321 813 2372 insinuatur.

48 2387 85 2440 lit
99 2393 286 2455 tempestatem
299 2393 369 2440 terra
381 2387 497 2454 coeloque
510 2396 624 2440 coortam

47 2456 81 2509 In
94 2456 190 2508 coelum
203 2462 353 2522 terramque
365 2461 464 2507 remote
473 2459 535 2523 jure
547 2457 687 2522 facessunt,

48 2525 267 2591 Quandoquidem
279 2525 348 2576 nihil
360 2531 407 2590 est,
420 2524 471 2575 nisi
484 2542 542 2577 raro
555 2543 659 2594 corpore
672 2543 778 2580 nexum.

82 2594 144 2648 Huc
156 2593 266 2660 accedit,
278 2594 320 2645 uti
331 2610 385 2645 nou
396 2593 492 2658 omnia,
505 2611 564 2660 quse
573 2594 711 2662 jaciuntur
839 2599 890 2649 960

401 2679 483 2726 ‘corin
499 2679 546 2719 Me.
