1928 2964
367 134 475 190 mauu
491 134 630 188 SEXTUS.
864 136 915 192 2ΰῖ

76 237 158 291 Tecta
169 253 281 306 superne
292 236 395 303 timent,
406 242 529 289 metuunt
540 236 650 303 inferne,
661 251 787 288 cavernas

77 307 168 359 Terrai
180 323 214 358 ne
226 306 353 358 dissoluat
365 311 461 357 natura
472 312 593 373 repente;

75 375 136 428 Neu
148 375 275 428 distracta
286 391 363 427 sunm
373 374 428 427 late
440 374 580 442 dispandat
592 373 703 441 hiatum,

76 444 160 511 quue
173 444 226 495 uris
238 444 347 496 confusa
358 443 423 496 velit
435 443 564 510 complere
575 443 665 495 ruinis.
864 443 916 494 600

111 513 231 579 Proinde,
242 513 306 565 lieet
318 511 437 580 quamvis
450 512 545 563 coelum
557 519 709 580 terramque
717 515 828 564 reantur

76 581 235 650 Incorrupta
246 582 308 647 fore,
321 587 425 633 oeternoe
437 581 563 632 mandata
574 580 669 644 saluti;

74 650 111 703 Et
123 658 213 703 tamen
224 650 359 702 interdum
371 667 486 717 prarsens
495 650 535 701 vis
546 649 604 717 ipsa
616 649 707 717 pericli

74 718 212 772 Subditat¹
224 719 295 772 hunc
307 719 445 771 stimulum
456 719 570 785 quadam
581 718 615 769 de
627 727 701 786 parte
714 717 823 786 timoris,

73 787 100 840 N
100 805 114 840 e
126 788 237 856 pedibus
248 789 346 857 raptim
358 788 438 840 tellus
450 787 586 839 subtracta
597 787 699 839 feratur

73 856 107 909 In
119 855 281 923 barathrum,
293 862 570 924 rerumque‘sequatur
582 857 686 936 prodita
697 873 801 909 summa

73 924 213 994 Funditus,
225 932 254 978 et
264 925 312 978 fiat
323 926 417 977 mundi
428 927 536 977 confusa
547 942 631 977 ruina

293 1042 382 1109 Quare
394 1059 466 1096 orare
477 1043 564 1110 majac
575 1042 694 1110 confiat.

106 1124 201 1194 [Nunc
212 1127 281 1180 ratio
291 1127 433 1194 reddenda,
445 1144 558 1194 augmen
570 1143 616 1177 cur
627 1125 727 1179 neseiat
740 1143 829 1195 aequor
837 1128 873 1199 t]

72 1193 214 1265 Principio,
225 1213 297 1249 marc
307 1197 441 1249 mirantur
452 1213 505 1247 non
515 1196 623 1247 reddere
635 1197 721 1263 majus

70 1263 210 1331 Naturam,
223 1283 275 1333 quo
288 1265 323 1318 nit
334 1272 426 1318 tantus
438 1265 562 1317 decursus
574 1281 710 1332 aquarum,
857 1269 908 1322 610

71 1332 166 1386 Omnia
178 1351 230 1402 quo
242 1335 350 1386 veniant
361 1352 395 1386 ex
407 1335 478 1387 omni
490 1334 600 1385 flumina
612 1339 694 1401 parte.

69 1401 146 1455 Adde
158 1420 237 1470 vagos
249 1403 352 1469 imbres,
365 1409 584 1472 tempestatesque
597 1403 714 1455 volantes
721 1421 729 1466 3

70 1470 166 1524 Omnia
179 1489 237 1539 quee
249 1473 332 1524 maria
343 1490 374 1524 ac
386 1478 469 1525 terras
482 1479 661 1540 sparguntque
672 1472 820 1540 rigantque.
911 1521 913 1525 ,

69 1538 145 1593 Adde
157 1558 217 1593 suos
228 1541 328 1593 fontes:
341 1547 431 1594 tumen
442 1541 477 1594 ad
489 1543 569 1592 moris
581 1541 671 1594 omnia
683 1558 814 1594 summum

69 1607 163 1662 Guttai
176 1610 222 1662 vix
233 1610 317 1662 instar
328 1616 407 1663 erunt
418 1610 496 1663 unius
507 1610 542 1662 cd
553 1627 674 1678 augmen.

69 1677 126 1742 Quo
137 1679 227 1731 minus
238 1685 278 1732 est
289 1680 393 1745 mirum,
404 1696 476 1732 mare
488 1697 541 1731 non
553 1696 691 1748 augescere
702 1697 837 1749 magnum.

102 1746 239 1814 Praeterea,
251 1765 376 1816 magnam
388 1748 426 1800 sol
438 1755 539 1816 partem
552 1748 668 1801 detrahit
679 1756 754 1804 eentn.

68 1814 172 1897 Quippe
184 1817 303 1869 videmus
315 1818 385 1869 enirn
397 1825 481 1870 vestes
493 1817 601 1869 humore
613 1818 748 1870 madentes

66 1882 206 1939 Exsrccare
218 1887 272 1938 suis
283 1886 364 1938 radiis
375 1884 523 1938 ardentibn'
534 1885 623 1937 solem.

66 1952 103 2006 At
115 1954 206 2035 pelage
218 1955 303 2008 multa
315 1962 342 2007 et
354 1955 408 2007 late
420 1955 552 2007 substrata
563 1953 688 2006 videmua
854 1959 904 2010 620

67 2021 187 2090 Proinde,
200 2023 263 2076 lieet
275 2025 395 2092 quamvis
407 2041 440 2076 ex
453 2040 608 2091 unoquoque
619 2023 676 2075 loco
687 2022 726 2075 eol

65 2090 191 2145 Humoris
203 2110 311 2160 parvam
322 2093 420 2145 delibet
432 2092 465 2145 ab
478 2109 579 2160 aeqnore
592 2099 709 2160 partem

64 2158 184 2229 largiter
195 2162 224 2213 in
236 2167 311 2214 tanto
324 2162 409 2230 spatio
421 2167 510 2213 tamen
521 2162 624 2214 auferet
636 2162 720 2214 undis.

99 2230 167 2282 Tum
180 2247 262 2299 porro,
275 2231 349 2283 venti
360 2248 464 2299 quoque
475 2248 598 2298 magnam
611 2231 701 2284 tollere
712 2237 816 2300 partem

63 2295 189 2351 Humoris
200 2306 318 2368 possunt,
330 2307 462 2352 verrentes
474 2317 578 2367 aequora
590 2301 678 2367 ponti:

62 2365 123 2420 Una
134 2374 211 2420 nocte
223 2368 278 2420 vias
290 2369 414 2437 qnoniam
425 2385 540 2437 persaepe
551 2368 671 2420 videmur

62 2432 168 2504 Siccam,
180 2437 318 2505 mollisque
329 2438 381 2489 luti
393 2453 555 2489 concrescere
567 2447 675 2490 crustas

96 2505 234 2573 Praeterea,
247 2506 324 2558 docui
335 2506 450 2558 multum
462 2522 566 2574 quoque
578 2505 668 2558 tollere
679 2505 763 2559 nubes

62 2573 215 2641 Humorem,
226 2591 323 2643 magno
334 2581 490 2644 conceptum
502 2591 536 2627 ex
547 2590 648 2643 oequore
660 2575 750 2644 ponti;

142 2657 148 2685 ⁵
164 2661 239 2700 Subdit
247 2667 280 2710 et;
296 2662 344 2702 MS.
641 2660 650 2686 ¹
664 2663 728 2703 Deest
736 2664 758 2703 in
768 2662 816 2703 Mn.

724 2916 743 2936 d
823 2914 863 2938 h.
