1928 2964
322 141 430 194 LIBER
446 142 603 195 TERTIUS.

40 241 124 294 Obvia
136 241 271 306 sentimus,
284 241 387 308 quando
399 239 541 293 obretimur
552 248 643 293 euntes
655 260 661 304 ;

40 310 118 362 Neo
110 327 190 378 rupra
202 315 283 377 ceput
295 311 410 377 ejusdem
420 311 544 362 cecidisse
555 312 653 362 vietam

41 380 172 460 Vestem,
167 396 216 430 neo
228 378 331 446 plumas
342 379 431 430 avium
443 396 593 447 papposque
605 380 730 445 volantes,

42 448 134 509 Qui·
107 448 191 500 numia
201 447 311 498 levitate
323 448 422 499 cadunt
433 449 587 515 plerumque
598 448 746 528 gravatim

41 517 96 568 Nee
108 516 225 584 repentis
236 517 306 567 itum
316 517 542 598 cujusviscumque
553 518 696 569 animantis

40 585 182 652 Sentimus,
194 602 243 636 nec
255 585 330 652 priva
341 585 438 653 pedum
450 587 560 652 vestigio
572 602 687 653 quaeque,
830 589 860 638 39

40 654 153 723 Corpore
165 670 223 721 quae
235 654 264 704 in
275 660 363 706 nostro
374 655 469 706 culices
481 661 508 706 ιι
520 661 606 706 ιιιιιι
617 660 726 722 ponunt.

40 723 132 791 Usque
141 723 207 775 adeo
218 724 290 790 prius
302 723 360 774 ιιι
353 741 382 774 1n
392 723 466 774 nobis
478 723 563 775 multa
575 723 704 791 ciendum,

42 793 129 856 Quam
140 791 282 860 primordia
294 793 437 843 sentiscant
449 808 573 844 concussa
584 792 692 858 animai,

42 860 157 926 Semina,
170 860 318 927 corporibus
329 861 425 912 nostris
436 861 559 912 immixta
570 867 709 940 perettus,

42 929 78 982 Et
89 929 198 998 quantis
208 929 354 981 intervallis
367 929 512 981 tuditantia
518 930 624 1010 possint

43 998 210 1077 Concursum,
222 998 296 1065 coire,
309 1005 336 1049 et
348 997 524 1050 dissultare'
499 998 620 1050 vicissim.

77 1067 114 1119 Ει
125 1067 211 1133 magis
223 1072 262 1118 est
273 1068 377 1118 animus
389 1068 456 1119 ιιιιι
468 1067 583 1119 claustra
594 1069 722 1148 coercens,

43 1135 79 1187 Et
90 1134 267 1188 dominantior
278 1135 312 1187 ed
324 1136 414 1216 ritum,
426 1152 507 1202 quam
518 1137 558 1188 ιιι
569 1136 675 1188 animai.

42 1204 147 1257 Nam
125 1221 182 1257 sine
193 1209 283 1255 mente
293 1206 432 1272 animoque
444 1206 537 1272 nequit
548 1205 659 1256 resiuere
664 1222 719 1285 per
729 1210 802 1257 artus

43 1273 179 1342 Temporis
191 1273 314 1353 exiguum
326 1279 427 1341 partem
439 1290 499 1341 pars
508 1273 564 1324 ulla
576 1273 691 1326 animai:
830 1274 882 1323 400

43 1342 96 1395 Sed
108 1358 194 1394 eomes
206 1341 352 1422 insequitur
363 1342 447 1408 facile,
460 1347 487 1393 et
499 1341 628 1393 discedit'
621 1359 650 1394 ιιι
661 1359 745 1408 auras,

43 1411 80 1464 Et
91 1411 203 1490 gelidos·
203 1411 295 1462 artus
287 1428 316 1461 ιιι
328 1411 375 1462 leti
386 1411 481 1478 frigore
493 1411 597 1479 linquit.

45 1481 81 1534 At
93 1479 203 1531 manet
195 1495 224 1529 ιιι
235 1480 298 1560 vita,
311 1479 353 1531 cui
366 1497 438 1531 mens
450 1480 605 1547 animusque
616 1479 749 1545 remansit,

47 1548 172 1613 Quamvis
185 1553 224 1600 est
235 1549 407 1600 circumcaesis
419 1549 488 1600 lacer
499 1549 615 1616 undique
626 1549 764 1600 membris:

51 1618 165 1670 lruncus
166 1616 308 1686 ,adempta
319 1618 408 1669 anima
420 1618 525 1698 circum,
536 1616 708 1685 membrisque
720 1616 832 1680 remotis,

56 1687 129 1752 livit,
141 1691 169 1738 et
181 1685 301 1738 aetherias
313 1686 407 1738 vitales
419 1687 527 1754 suscipit
539 1702 630 1738 auras:

60 1755 77 1806 li
88 1772 143 1807 non
154 1755 317 1820 omnimodis,
328 1761 357 1806 at
368 1772 465 1822 magua
476 1761 558 1822 parte,
571 1755 670 1807 animai

65 1824 177 1890 rivatus,
189 1824 318 1875 tamenin
330 1825 385 1876 vita
398 1830 537 1875 cunctatur
549 1829 576 1874 et
588 1823 675 1875 haeret.

69 1893 84 1945 ἰ
94 1893 210 1944 haerete
222 1892 296 1944 oculo
308 1893 414 1958 circum,
427 1893 449 1943 ιι
460 1893 561 1960 pupula
572 1892 670 1943 mansit

74 1961 198 2027 columis,
211 1966 264 2013 stat
277 1962 399 2013 cernendi
411 1962 500 2012 vivata
512 1967 644 2028 potestas;
833 1962 885 2009 410

80 2030 195 2082 rmmodo
207 2047 241 2081 ne
253 2036 338 2082 totum
351 2047 499 2098 corrumpas
511 2029 618 2081 luminis
630 2028 726 2084 orbem,

84 2099 98 2151 ι
111 2099 282 2151 circumcidas
294 2099 384 2162 aciem,
397 2098 529 2179 solamque
541 2098 689 2165 relinques:

91 2184 196 2236 quoque
208 2168 279 2220 enim
291 2168 347 2218 sine
358 2168 472 2235 pernicie
485 2185 537 2219 non
549 2167 595 2219 fiet
607 2183 710 2228 eorum;

96 2254 118 2288 ιι
110 2237 237 2288 'tantula
248 2254 308 2304 pars
320 2236 389 2288 oculi
400 2236 486 2288 media
498 2236 545 2287 illa
556 2253 646 2304 peresa
658 2242 705 2297 est,

97 2305 191 2357 olumis
203 2305 323 2373 quamvis
335 2305 433 2372 alioqui
445 2304 598 2372 splendidus
610 2302 685 2368 erbis,

101 2374 153 2426 idit
164 2373 298 2440 extemplo
310 2373 406 2453 lumen,
419 2373 585 2454 tenebraeque
597 2375 757 2438 sequuntur:

117 2443 208 2497 anima
220 2448 300 2509 atque
312 2442 414 2494 animus
422 2442 511 2509 juncti
523 2447 586 2493 sunt
597 2439 694 2492 foedere
706 2453 813 2505 semper.
