1928 2964
77 151 111 201 92
381 146 410 202 Τ.
428 146 595 200 nuceum

77 250 133 302 Neo
144 249 245 303 ratione
257 249 309 302 alia
320 254 422 301 nosmet
434 266 575 317 proponere
587 249 661 301 nobis

77 319 217 371 Possumus
229 319 344 370 infernas
356 319 456 371 animas
469 317 619 370 Acherunte
631 333 733 384 vagare.

77 387 193 440 Pictores
205 389 294 455 itaque
306 393 333 439 et
345 388 501 455 scriptorum
513 388 589 439 saecla
601 389 687 455 priora
710 395 712 399 ’

77 455 120 509 sic
132 457 233 508 animas
245 456 448 508 introduxerunt
461 457 578 507 sensibus
590 462 688 507 auctas.
861 456 912 507 630

77 526 113 577 At
125 543 210 592 neque
222 542 336 575 seorsum
348 525 424 591 oculi,
436 542 521 592 neque
533 542 616 590 neres,
629 541 676 575 nec
688 540 783 575 manus
795 522 855 591 ipsa

77 593 140 645 Esse
152 599 237 661 potest
249 594 345 659 anima,
357 611 441 661 neque
453 610 567 645 seorsum
579 594 678 660 lingua,
690 609 775 660 neque
787 609 863 644 aures

77 660 207 713 Auditum
218 678 265 728 per
277 679 303 712 se
315 668 424 729 possunt
436 663 539 729 sentire,
551 677 636 729 neque
648 678 709 713 esse.
890 667 893 672 '

112 730 147 782 Et
159 730 282 797 quoniam
294 736 349 781 toto
361 731 487 782 sentimus
499 748 604 798 corpore
616 731 699 782 inesse

78 797 192 850 Vitalem
205 816 315 864 sensum,
329 806 356 850 et
367 805 453 851 totum
466 816 520 850 esse
531 799 645 851 animale
656 799 792 862 ridemus;

77 866 106 919 Si
118 867 203 919 subito
214 868 331 919 medium
343 868 420 919 celeri
432 869 580 936 praeciderit
591 869 648 920 ictu

78 935 125 987 Vis
137 935 232 1003 aliqua,
244 942 276 988 ut
289 953 401 988 seorsum
413 943 514 1004 partem
527 943 643 988 secernat
656 942 802 1004 utramque,

76 1004 124 1056 Dis
158 1006 222 1056 rtita
233 1005 323 1074 procul
336 1003 414 1057 dubio
427 1023 530 1073 quoque
542 1006 581 1057 vis
593 1007 700 1071 animai,

77 1072 113 1125 Et
144 1074 231 1125 'scissa
243 1073 320 1125 simul
333 1091 393 1125 cum
405 1091 517 1142 corpore,
530 1074 682 1142 disjicietur.

76 1143 114 1194 At
127 1143 196 1210 quod
209 1143 337 1194 scinditur
349 1150 375 1194 et
387 1149 475 1210 partes
487 1143 597 1194 discedit
609 1143 638 1194 in
650 1142 725 1208 ullas,
863 1145 914 1195 640

77 1209 183 1264 Scilicet
195 1219 319 1264 aternam
331 1212 380 1263 sibi
392 1219 516 1263 naturam
528 1212 621 1263 abnuit
633 1228 694 1264 esse.

111 1281 252 1333 Falciferos
263 1288 409 1333 memorant
421 1298 512 1332 currus
524 1280 674 1332 abscindere
685 1278 804 1332 membra

77 1347 151 1419 Saepe
163 1351 201 1403 ite
213 1350 245 1401 de
258 1350 343 1401 subito
355 1350 487 1418 permixta
498 1350 568 1401 caede
581 1350 702 1415 calentes,

79 1416 116 1471 Ut
128 1425 238 1470 tremere
249 1419 278 1470 in
290 1425 360 1470 terra
372 1419 493 1470 videatur
504 1419 537 1470 ab
549 1417 658 1470 artubus
669 1417 698 1469 id
710 1417 778 1486 quod

76 1488 182 1539 Decidit
193 1487 348 1550 abscissum3
367 1504 450 1554 quum
461 1505 534 1538 mens
545 1492 635 1538 tamen
647 1493 727 1554 atque
739 1486 854 1539 hominis
867 1487 907 1540 vis

76 1555 225 1608 Mobilitate
237 1555 300 1607 mali
312 1572 365 1607 non
378 1557 436 1622 quit
448 1557 544 1608 sentire
557 1556 685 1618 dolorem;

77 1623 113 1676 Et
125 1624 202 1676 simul
215 1625 243 1675 iu
255 1641 351 1691 pugnae
364 1625 451 1676 studio
463 1626 532 1693 quod
545 1625 635 1676 dedita
646 1641 719 1676 mens
732 1629 780 1692 est,

76 1692 187 1761 (lorpore
199 1710 259 1744 cum
270 1693 372 1760 reliquo
384 1711 500 1760 pugnam
512 1694 647 1760 caedesque
659 1693 776 1761 petissit:

75 1760 102 1814 N
102 1779 131 1813 ec
143 1767 223 1827 tenet,
235 1762 357 1813 amissam
369 1762 462 1814 laevam
474 1779 533 1814 cum
545 1763 661 1830 tegmine
672 1778 740 1829 saepe

76 1829 150 1882 Inter
161 1847 239 1897 equos
252 1831 373 1882 abstraxe
385 1837 454 1882 rotas
466 1831 596 1899 falcesque
608 1848 727 1898 rapaces:
864 1834 916 1885 650

74 1898 130 1950 Nec
142 1899 264 1950 cecidisse
276 1899 344 1951 alius
356 1900 484 1967 dextram,
498 1917 579 1967 quum
591 1900 694 1951 scandit
705 1903 732 1951 et
744 1899 836 1955 instat.

75 1966 142 2020 Inde
153 1967 221 2019 alius
234 1974 343 2020 conatur
355 1968 477 2036 adempto
489 1986 593 2035 surgere
605 1985 686 2033 crure,

75 2036 164 2100 Quum
175 2036 271 2103 digitos
283 2038 369 2103 agitat
381 2045 487 2104 propter
498 2037 669 2089 moribundus
681 2036 757 2088 humi
768 2054 830 2104 pes;

74 2105 110 2159 Et
122 2111 209 2174 caput,
221 2105 363 2157 abscissum
375 2105 459 2158 calido
471 2107 627 2174 viventeque
639 2114 739 2171 trunco,

74 2175 167 2228 Servat
179 2174 253 2226 humi
266 2175 370 2226 vultum
382 2174 488 2226 vitalem
502 2175 640 2243 oculosque
652 2181 780 2243 patentes,

74 2245 163 2297 Donec
175 2243 298 2310 reliquias
311 2243 411 2294 animai
423 2243 539 2294 reddidit
551 2260 646 2296 omnes.

112 2313 181 2376 Quin
194 2313 274 2364 etiam
287 2311 337 2363 tibi
349 2312 371 2362 si
383 2311 476 2378 lingua
488 2311 608 2363 vibrante
618 2311 733 2364 minanti

74 2379 107 2432 Se
139 2382 207 2432 entis
219 2381 303 2433 cauda
315 2386 342 2431 et
355 2397 459 2447 procero
472 2397 583 2448 corpore,
596 2382 730 2449 utrimque

74 2448 114 2501 Sit
138 2449 232 2500 'bitum
244 2450 272 2500 in
283 2449 382 2500 multas
394 2455 481 2517 partes
493 2449 638 2501 discindere
649 2450 736 2512 ferr03

74 2517 169 2570 Omnia
177 2520 235 2584 jam
247 2535 362 2569 seorsum
374 2534 462 2568 cernes
474 2519 572 2569 amcisa
583 2519 682 2570 recenti
863 2523 915 2573 660

77 2585 189 2638 Vulnere
202 2586 303 2652 tortari,
315 2592 342 2637 et
354 2592 452 2637 terram
464 2603 633 2654 conspergere
646 2586 707 2638 tabo
718 2605 725 2650 ;

63 2654 158 2721 Ipsam
169 2671 251 2724 seque
261 2661 332 2708 retro
343 2660 447 2724 partem
459 2661 548 2724 petere
561 2673 604 2708 ore
616 2656 736 2724 priorem,
