1928 2964
93 142 128 192 98
403 138 431 192 Τ.
450 138 616 191 LUORETII

94 241 149 295 Aut
161 241 214 294 ulis
226 240 316 308 queris
328 241 409 308 possit
421 241 449 293 ri
460 241 536 308 pulso
548 242 638 309 perire.

94 310 176 364 Haud
187 311 270 377 igitur
281 310 329 361 leti
341 310 468 377 praecluse
480 316 519 361 est
527 312 611 377 janue
623 311 744 380 menti⁰.]

129 380 205 443 Quod
217 380 239 430 si
251 379 318 430 forte
330 379 388 430 ideo
400 380 483 445 magis
495 379 649 430 immortalis
661 379 784 434 habendo
795 387 844 450 est,
880 386 930 435 830

95 448 169 513 Quod
180 448 305 501 vitalibus
317 447 350 499 ab
362 447 439 499 rebus
452 448 555 498 munite
567 453 687 511 tenetur;

93 516 149 569 Aut
162 517 224 584 quio
236 533 288 567 non
300 517 411 568 veniunt
423 517 528 567 omnino
540 516 626 568 aliene
638 517 731 569 salutis
741 536 748 581 3

93 585 150 637 Aut
161 586 231 653 quie,
244 602 301 652 quoe
313 586 432 650 veniunt,
444 584 533 652 aliquo
544 586 646 636 ratione
657 586 787 639 recedunt

93 653 173 705 Pulsa
184 654 265 721 prius,
278 670 366 720 quam,
378 653 442 721 quid
453 659 572 718 noceant,
586 655 681 705 sentire
694 672 834 722 queamus:

93 719 214 788 [Scilicet
226 740 243 774 a
254 740 315 775 vero
327 723 403 790 longe
415 722 516 774 ratione
527 728 656 774 remotum
668 729 708 774 est
715 724 745 804 t]

93 790 193 842 Proeter
205 792 275 843 enim
287 807 366 859 quum
379 792 448 859 quod
460 791 555 842 morbis
568 796 626 842 tum
638 808 751 858 corporrs
763 794 850 866 uegrit,

93 859 208 912 Advenit
220 861 255 927 id,
268 861 337 928 quod
349 878 407 912 eam
419 860 452 911 de
462 859 539 911 rebus
551 876 619 927 saepe
630 861 728 912 futuris

93 924 219 994 Macerot
231 930 311 997 inque
322 935 395 980 metu
406 929 476 980 male
487 928 574 994 habet,
588 929 707 995 curisque
719 929 818 997 fetiget
824 950 833 996 ;

93 996 289 1066 Praeteritisque
300 998 369 1050 mule
381 997 518 1049 admississs
531 1004 639 1064 peccota
650 998 808 1052 remordent.

93 1065 169 1118 Adde
181 1067 296 1118 fluorem
307 1066 389 1118 animi
418 1066 542 1133 roprium
555 1073 633 1133 etque
645 1066 742 1119 oblivia
753 1085 859 1134 rerum;
879 1073 930 1122 840

93 1134 169 1187 Adde
181 1136 250 1216 quod
261 1136 291 1186 in
302 1136 390 1202 nigras
400 1084 514 1201 lethargi
526 1135 655 1201 mergitur
666 1135 758 1188 undas.
788 1148 806 1187 t·
825 1165 895 1213 W—

128 1204 174 1256 Nil
186 1204 268 1271 igitur
279 1221 347 1256 mors
359 1208 406 1271 est,
418 1203 452 1255 sd
464 1220 510 1254 nos
523 1219 608 1270 neque
620 1204 734 1270 pertinet
767 1205 773 1217 '
816 1214 819 1219 '
833 1247 841 1274 ‚

94 1271 313 1340 Quandoquidem
324 1277 420 1324 nature
431 1271 513 1323 animi
524 1272 641 1323 mortalis
653 1271 779 1327 habetur:

93 1339 129 1393 Et
141 1340 215 1394 velut
227 1347 288 1394 ente
300 1347 359 1393 acto
371 1341 409 1392 nil
421 1346 537 1407 tempore
550 1341 676 1392 sensimus
689 1342 760 1408 egri,

9 1404 15 1427 ²
93 1408 137 1462 Ad
148 1409 341 1477 confligendum
352 1409 517 1461 venientibus
529 1409 646 1476 undique
657 1409 741 1477 poenis
747 1429 756 1474 ;

95 1477 190 1529 Omnis.
202 1494 284 1544 quum
295 1477 358 1529 belli
371 1478 473 1545 trepido
484 1494 608 1528 concussa
619 1477 738 1530 tumultu

94 1545 209 1598 Horrida
220 1552 398 1600 contremuere
410 1546 458 1597 sub
469 1546 530 1598 altis
542 1546 646 1597 sotheris
658 1546 746 1609 auris;

95 1612 130 1664 In
141 1615 221 1667 dubio
238 1633 272 1668 uc
283 1615 362 1681 fuere,
375 1621 493 1667 utrorum
505 1615 539 1665 od
550 1631 632 1680 regne
644 1615 791 1668 cedendum

94 1633 357 1737 Ommbuslrmenis
369 1689 436 1735 osset
448 1689 567 1750 terreque
578 1683 707 1750 marique:

93 1749 144 1818 sio,
156 1753 202 1804 ubi
213 1769 267 1804 non
278 1753 382 1819 erimus,
394 1769 476 1819 quum
487 1751 599 1818 corporis
611 1757 691 1818 etque
703 1752 804 1807 enimsi
877 1759 928 1808 850

93 1818 242 1873 Discidium
253 1822 342 1887 fuerit,
356 1820 450 1888 quibus
462 1838 477 1872 e
489 1836 578 1871 sumus
590 1820 678 1872 uniter
689 1822 754 1888 opti,

94 1886 200 1942 Scilicet
211 1890 283 1942 haud
295 1889 369 1942 nobis
381 1890 533 1957 quidquem,
545 1888 591 1955 qui
601 1905 654 1940 non
666 1890 762 1942 erimus
774 1895 842 1960 tum,

93 1955 218 2010 Accidere
229 1958 334 2010 omnino
346 1959 449 2026 poterit,
462 1974 618 2024 sensumque
628 1974 746 2024 movere3

93 2023 153 2077 Non
165 2027 187 2077 si
199 2032 269 2079 terro
280 2028 346 2078 mori
358 2027 514 2092 miscebitur,
527 2032 554 2077 et
565 2043 637 2078 more
648 2026 719 2079 coelo.

127 2094 163 2147 Et
175 2095 197 2146 si
205 2097 262 2163 jem
273 2100 361 2147 nostro
374 2097 453 2147 sentit
465 2095 497 2145 de
509 2112 622 2162 corpore,
633 2102 772 2163 postquem

92 2162 226 2218 Distrecte
238 2170 278 2216 est
289 2165 371 2216 enimi
382 2170 478 2216 nature
489 2164 634 2231 animaeque
645 2169 776 2230 potestes5
790 2200 812 2238 t‘

92 2230 139 2284 Nil
150 2240 240 2286 temen
251 2239 291 2285 est
303 2234 336 2285 ed
349 2250 402 2299 nos,
415 2234 461 2299 qui
472 2239 580 2300 comptu
591 2233 764 2300 conjugioque
855 2246 858 2257 ’
949 2246 952 2255 ·

93 2301 210 2370 Corporis
222 2310 302 2370 etque
313 2303 408 2355 animae
420 2301 585 2353 consistimus
597 2301 684 2353 uniter
695 2302 759 2369 opti.

92 2368 154 2436 Nec,
167 2372 189 2422 si
200 2373 336 2424 materiam
348 2376 464 2423 nostrum
476 2370 609 2437 collegerit
621 2376 684 2422 oetes

92 2436 155 2490 Post
167 2439 275 2506 obitum,
287 2457 444 2506 rursumque
455 2439 592 2505 redegerit,
604 2445 635 2490 ut
648 2439 698 2491 site
710 2455 782 2492 nunc
794 2445 843 2508 est,
876 2445 926 2495 860

91 2505 179 2573 Atque
191 2509 287 2560 iterum
299 2509 373 2561 nobis
384 2509 484 2559 fuerint
496 2508 559 2560 dete
571 2506 673 2559 lumine
684 2508 762 2573 vitoe3

121 2640 254 2680 'Denuntio
265 2642 312 2680 Me.
386 2636 395 2665 ¹
407 2643 469 2682 Deest
478 2643 499 2681 in
510 2641 557 2680 Me.
595 2610 602 2617 ¹
633 2641 833 2692 rodmiusmrlis3
847 2643 895 2685 Me.

95 2884 215 2916 Δ
