1928 2964
75 151 108 200 60
398 146 426 201 Τ.
445 148 612 201 LUORETII

383 297 482 350 Colores
494 316 548 350 riori
561 315 616 350 esse

73 382 186 437 Proinde
197 383 280 435 colore
293 399 355 435 eave
368 383 504 450 contingas
517 383 616 434 semina
627 400 732 448 rerum;

73 453 114 506 Ne
125 453 175 504 tibi
186 470 227 505 res
239 452 347 505 redeant
359 452 393 504 ad
402 452 488 503 nilum
499 452 620 503 funditus
632 469 729 505 omnes.

108 521 244 588 Praeterea,
257 521 280 573 si
291 521 365 574 nulla
376 521 469 572 coloris
480 519 616 588 principiis
628 527 668 572 est

73 590 187 643 Reddita
198 598 302 656 natura,
314 596 341 642 et
353 590 432 642 variis
444 596 507 642 sunt
518 590 630 658 praedita
641 590 739 656 formis,

72 659 95 710 Ε
108 660 201 728 quibus
213 659 364 726 omnigenos
375 660 490 726 gignunt
502 659 657 726 variantque
670 659 785 714 colores:

72 727 203 780 Praeterea
214 729 305 795 magni
317 728 386 795 quod
398 728 484 794 refert,
497 729 596 780 semina
608 745 720 797 quaeque

73 797 139 849 (lum
151 797 246 865 quibus
258 803 285 848 et
296 797 370 864 quali
381 797 499 865 positura
510 798 703 864 contineantur,

72 865 108 918 Et
121 883 185 934 quos
196 867 266 917 inter
278 883 304 917 se
317 867 380 918 dent
392 875 478 918 motus
489 866 686 934 accipiantque:

72 934 200 987 Perfacile
212 934 344 1002 extemplo
355 935 485 986 rationem
496 936 603 987 reddere
615 935 704 1003 possis,

73 1003 125 1056 (lur
137 1022 175 1071 ea,
188 1021 246 1071 quae
258 1004 333 1070 nigro
344 1003 445 1055 fuerint
456 1003 536 1071 paulo
548 1009 611 1056 ante
623 1004 715 1071 colore,

8 1127 12 1136 ,
72 1072 217 1126 Marmoreo
229 1072 286 1124 fieri
297 1073 398 1140 possint
410 1073 521 1124 candore
532 1079 654 1140 repente:

73 1142 110 1195 Ut
121 1160 200 1209 mare,
213 1159 295 1210 quum
306 1142 396 1208 magni
408 1148 571 1194 commorunt
584 1159 688 1210 aequora
700 1143 782 1208 venti,

73 1210 193 1264 Vertitur
204 1212 233 1262 in
245 1228 322 1263 canos
335 1211 459 1262 candenti
470 1228 598 1263 marmore
609 1211 714 1264 fluetus.

71 1280 165 1333 Dicere
177 1282 248 1332 enim
259 1281 340 1349 possis
352 1281 464 1346 nigrum,
477 1280 546 1348 quod
559 1298 628 1348 saepe
640 1280 769 1348 ridemus,

72 1349 195 1403 Materies
207 1349 254 1401 ubi
266 1349 396 1417 permixta
408 1355 447 1401 est
458 1348 538 1415 illius,
550 1355 578 1401 et
589 1349 651 1402 ordo
681 1386 689 1401 .

71 1417 211 1487 Principiis
222 1424 348 1483 mutatus,
361 1424 388 1470 et
400 1417 491 1470 addita
503 1418 660 1486 demptaque
672 1417 800 1486 quasdam,

72 1487 201 1539 Continuo
213 1487 241 1537 id
252 1486 316 1551 fieri,
328 1493 358 1538 ut
371 1487 484 1538 candens
496 1487 617 1538 videatur
629 1493 656 1539 et
667 1487 766 1540 album.

73 1556 148 1619 Quod
160 1556 182 1606 si
194 1555 311 1607 eaeruleis
322 1562 471 1607 constarent
484 1572 588 1622 aequora
599 1557 675 1623 ponti
760 1565 764 1572 '

72 1624 226 1689 Seminibus,
238 1624 311 1675 nullo
324 1631 428 1692 possent
440 1624 567 1677 albescere
579 1631 673 1692 pacto:

71 1692 97 1745 N
97 1710 141 1744 am
152 1710 315 1760 quocumque
326 1695 402 1746 modo
415 1694 557 1762 perturbes,
570 1693 665 1746 caerula
677 1711 734 1762 quae
747 1695 801 1747 sint

71 1761 214 1830 Nunquam
225 1762 254 1813 in
265 1779 438 1814 marmoreum
451 1769 559 1830 possunt
571 1763 683 1831 migrare
695 1763 815 1818 colorem

71 1830 119 1882 Sin
130 1831 182 1883 alio
194 1837 272 1898 atque
283 1831 335 1883 alio
348 1838 410 1884 sunt
422 1832 521 1884 semina
534 1832 618 1885 tincta
630 1833 721 1898 colore,

72 1899 136 1963 Quae
148 1900 227 1950 maris
239 1900 357 1952 efficiunt
368 1918 451 1952 unum
463 1917 610 1968 purumque
621 1902 749 1956 nitorem:

72 1968 109 2021 Ut
122 1985 189 2036 saepe
201 1986 234 2020 ex
246 1969 305 2020 aliis
317 1970 406 2021 formis
419 1969 548 2037 variisque
560 1971 651 2037 figuris

71 2037 191 2089 Efficitur
202 2037 328 2104 quiddam
340 2039 505 2104 quadratum,
517 2056 623 2107 unaque
634 2040 745 2106 figurat:

72 2106 254 2172 Conveniebat,
267 2107 307 2158 uti
318 2107 346 2157 in
360 2107 488 2173 quadrato
500 2109 630 2160 cernimus
642 2126 697 2160 esse

71 2175 215 2228 Dissimiles
227 2174 323 2226 formas
333 2193 340 2237 ;
359 2175 398 2226 ita
410 2193 513 2228 cernere
525 2177 554 2227 in
566 2195 668 2245 aequore
679 2178 763 2246 ponti,

72 2247 129 2298 Aut
140 2245 192 2297 alio
204 2245 232 2295 in
244 2244 334 2312 quovis
346 2261 399 2296 uno
411 2261 528 2312 puroque
540 2246 631 2310 nitore,

70 2313 215 2367 Dissimiles
227 2313 304 2380 longe
315 2313 385 2364 inter
396 2330 430 2378 se,
443 2314 579 2382 variosque
591 2315 694 2368 colores.

106 2384 243 2450 Praeterea,
256 2382 324 2434 nihil
335 2381 453 2434 officiunt
465 2382 622 2451 obstantque
633 2384 726 2455 figurae

70 2452 222 2520 Dissimiles,
236 2469 287 2520 quo
298 2451 456 2519 quadratum
467 2451 555 2503 minus
568 2469 643 2504 omne
656 2454 690 2504 sit
702 2460 792 2507 extra:

70 2522 108 2575 Aa
120 2522 187 2574 varii
197 2539 285 2574 rerum
296 2520 444 2588 impediunt
455 2519 646 2589 prohibentque
658 2522 762 2590 colores,

73 2591 129 2655 Quo
140 2591 228 2642 minus
240 2607 294 2642 esse
306 2606 359 2641 uno
371 2589 452 2657 possit
464 2605 504 2640 res
517 2594 573 2641 tota
585 2591 678 2645 nitore.

332 2685 342 2712 '³
356 2698 439 2738 nunqua
450 2687 516 2738 ligura
526 2690 569 2733 est;
585 2687 632 2728 Me.
