1928 2964
71 149 121 200 138
382 147 411 201 Τ.
430 147 596 200 abosum

70 247 104 298 In
116 247 173 300 loca
185 247 340 300 conveniens
352 264 493 299 nervorum
505 254 583 316 certa,
597 249 701 315 cietque
838 250 902 300 1040

71 316 201 369 Continuo
213 322 300 385 partes
312 317 439 384 genitales
452 318 564 384 corporis
576 319 662 385 ipsas:

71 385 180 437 Irritata
192 390 296 438 tument
307 386 365 437 loca
377 386 482 452 semine,
494 387 577 453 fitque
590 387 711 438 voluntas

71 453 172 522 Ejicere
184 455 219 520 id,
232 472 283 522 quo
296 471 322 506 se
335 455 470 507 contendit
482 455 540 507 dira
551 453 649 519 libido;

72 522 157 590 quue
169 524 236 591 petit
249 540 341 591 corpus
352 540 433 589 mens,
446 523 517 575 unde
529 530 569 575 est
581 523 670 575 saucia
682 541 780 578 amore.

71 591 191 658 Namque
203 609 291 643 omnes
303 592 456 660 plerumque
468 592 568 644 cadunt
579 592 608 642 in
620 591 725 660 vulnus,
738 599 765 645 et
777 592 854 655 illam
888 614 892 623 ·

71 659 175 711 Emicat
187 660 216 710 in
227 666 329 728 partem
342 661 455 728 sanguis,
467 661 538 712 unde
549 660 644 711 icimur
655 661 728 725 ictu;

72 728 107 780 Ilt
120 728 141 779 si
154 729 271 780 cominus
283 734 330 795 est,
342 730 444 781 hostem
455 729 533 780 ruber
544 734 655 796 occupat
668 730 769 784 humor.

107 796 151 849 Sic
162 797 252 864 igitur,
263 797 371 849 Veneris
384 798 431 865 qui
442 797 502 849 telis
514 797 611 865 accipit
624 797 699 864 ictus,

72 865 133 918 Sive
144 882 210 932 puer
221 865 343 918 membris
355 865 526 917 muliebribus
538 866 608 917 hunc
616 866 761 934 jaculatur,

72 933 125 986 Seu
136 935 238 1000 mulier,
250 940 306 986 toto
314 937 419 1001 jactans
431 951 445 985 e
457 951 562 1002 corpore
575 951 696 1002 amorem,
845 937 909 988 1050

73 1002 153 1055 Unde
164 1003 266 1069 feritur,
279 1020 308 1055 eo
320 1003 414 1070 tendit,
427 1003 558 1122 gestitgue
570 1005 644 1069 coire,

32 1104 34 1108 Α
73 1071 108 1122 Et
117 1073 203 1139 jacere
216 1072 351 1124 humorem
363 1072 392 1123 in
404 1088 497 1139 corpus
529 1089 542 1123 e
554 1088 660 1140 corpore
673 1072 799 1137 ductum;

73 1140 193 1208 Namque
205 1141 369 1209 voluptatem
380 1141 504 1208 praesagit
516 1140 602 1193 multa
614 1141 716 1208 cupido.

74 1209 139 1262 Heec
152 1209 239 1261 Venus
252 1217 291 1261 est
302 1210 377 1261 nobis
384 1228 391 1272 ;
409 1209 471 1261 hinc
482 1211 586 1261 autem¹¹
599 1215 638 1261 est
650 1226 746 1262 nomen
758 1209 878 1264 Amoris:

75 1277 146 1330 Hinc
158 1278 204 1331 illa
216 1283 243 1331 et
255 1280 368 1346 primum
381 1277 490 1330 Veneris
503 1277 651 1330 dulcedinis
662 1279 692 1330 in
703 1295 749 1331 cor

75 1345 193 1399 Stillavit
205 1353 290 1415 gutta,
303 1354 329 1399 et
342 1347 465 1399 successit
476 1347 579 1399 fervida
590 1364 658 1399 cura.

76 1414 145 1466 Nam
157 1416 179 1466 si
191 1416 271 1483 abest,
285 1417 354 1484 quod
366 1433 444 1481 ames,
456 1422 551 1483 praesto
563 1415 703 1467 simulacra
714 1419 806 1468 temen
818 1422 881 1469 sunt

76 1482 160 1549 illius,
173 1489 199 1535 et
211 1502 306 1536 nomen
318 1485 394 1537 dulce
406 1484 558 1537 obversatur
569 1484 604 1536 ad
615 1500 698 1537 eures

112 1551 163 1604 Sed
174 1552 289 1619 fugitare
302 1555 377 1606 decet
389 1552 534 1619 simulacra,
547 1558 574 1604 et
586 1551 683 1621 pabula
695 1553 792 1604 emotis

76 1620 225 1672 Absterrere
238 1621 294 1688 sibi,
307 1628 388 1689 atque
401 1621 452 1673 alio
465 1627 614 1673 convertere
625 1626 758 1686 mentem;
844 1623 913 1674 1060

76 1689 112 1740 Et
120 1691 207 1756 jacere
219 1690 354 1742 humorem
366 1691 506 1742 collectum
517 1689 546 1740 in
559 1706 664 1757 corpora
676 1707 798 1759 quaeque,

76 1758 132 1809 Nec
143 1758 255 1810 retinere
267 1760 346 1811 semel
358 1776 512 1812 conversum
523 1759 603 1810 unius
614 1775 708 1825 amore,

76 1826 112 1878 Et
124 1844 226 1880 servare
238 1828 287 1880 sibi
300 1846 389 1881 curam
401 1834 554 1895 certumque
566 1826 687 1880 dolorem.

77 1895 159 1947 Ulcus
171 1897 241 1948 enim
253 1897 362 1950 vivescit
374 1904 401 1949 et
412 1897 580 1949 inveterascit
591 1896 692 1963 alendo,

78 1963 162 2032 Inque
174 1965 229 2017 dies
241 1967 329 2033 gliscit
341 1967 421 2033 furor,
433 1972 513 2033 atque
525 1982 641 2017 aerumna
652 1965 792 2033 gravescit,

77 2033 105 2086 si
117 2050 172 2085 non
184 2035 269 2102 prima
280 2037 354 2087 novis
366 2035 503 2087 conturbes
515 2034 624 2085 vulnera
635 2033 728 2101 plagis,

79 2102 278 2170 Vulgivagaque
290 2120 372 2169 vagus
380 2103 480 2154 Venere
492 2109 554 2154 ante
565 2103 680 2154 recentia
692 2119 776 2171 cures,

78 2172 134 2224 Aut
147 2173 198 2225 allo
211 2172 291 2240 possis
303 2172 385 2223 animi
397 2172 534 2223 traducere
544 2177 639 2230 motus.

113 2241 168 2293 Nec
181 2241 289 2293 Veneris
301 2240 391 2292 fructu
403 2246 474 2292 caret
486 2241 516 2306 is,
529 2240 575 2307 qui
587 2239 655 2291 vitat
667 2257 784 2292 amorem
791 2261 800 2306 3

79 2308 130 2361 Sed
142 2311 237 2378 potius,
250 2327 308 2377 quae
321 2317 383 2362 sunt
395 2309 451 2361 sine
462 2326 546 2376 poena,
559 2309 694 2360 commode
706 2310 795 2363 sumit.
851 2310 915 2364 1070

79 2377 149 2429 Nam
161 2385 232 2430 certa
244 2386 271 2430 et
283 2396 350 2447 pura
361 2385 401 2431 est
413 2379 483 2430 sanis
494 2377 578 2444 magis
590 2377 652 2428 inde
664 2377 795 2447 voluptas,

81 2446 165 2509 Quem
177 2447 290 2499 miseris:
304 2447 401 2499 etenim
413 2447 536 2514 potiundi
548 2454 663 2513 tempore
675 2446 704 2496 in
716 2447 773 2514 ipso

80 2513 205 2566 Fluctuat
217 2516 324 2567 incertis
336 2515 464 2568 erroribus
476 2515 552 2566 ardor
563 2521 700 2567 amantum
710 2533 718 2578 ;

79 2581 105 2633 N
106 2599 134 2634 ec
147 2589 256 2650 constat,
269 2584 332 2652 quid
345 2585 460 2652 primum
472 2583 553 2634 oculis
564 2582 738 2651 manibusque
749 2583 883 2639 fruantur.

426 2679 436 2706 Β
451 2680 512 2728 mtte;
527 2679 574 2720 MS.
