1928 2964
246 411 280 468 T.
302 407 546 468 LUCRETII
574 404 693 464 CARI
787 434 789 439 .

453 599 490 634 DE

80 752 398 843 RERUM
476 749 854 844 NATURA

242 957 244 960 ’
316 975 442 1028 menn
465 973 628 1027 snmus.

407 1149 535 1165 mm

52 1258 154 1310 Pmum
166 1254 305 1326 frugiferos
316 1259 395 1311 foetus
408 1259 561 1310 mortalibus
573 1259 649 1324 oegris

51 1328 213 1380 Dididenmt
225 1329 357 1395 quondam
368 1328 491 1396 praeclaro
503 1329 607 1380 nomine
620 1327 739 1394 Athenae,

52 1396 89 1448 Et
100 1403 284 1448 recreaverunt
296 1397 378 1449 vitam
379 1396 520 1464 ,legesque
532 1402 674 1476 rogarunt:

52 1465 89 1516 Et
100 1466 191 1533 primae
204 1465 332 1517 dederunt
345 1437 437 1516 soletis
449 1466 588 1517 dulcia't
549 1483 576 1515 vr
577 1471 618 1530 tee,

53 1534 142 1596 Quum
154 1551 266 1601 genuere
278 1536 364 1586 virum
376 1535 424 1585 tali
437 1551 497 1585 cum
510 1534 586 1586 corde
597 1539 738 1601 repertum,

54 1603 149 1654 Omnia
162 1603 273 1653 veridico
286 1620 332 1669 qur
324 1598 475 1670 'quondam
486 1620 520 1654 ex
532 1620 575 1654 ore
587 1603 717 1670 profudit:

54 1671 134 1739 Cujus
147 1677 173 1723 et
186 1672 310 1723 exstincti
321 1677 398 1738 propt
399 1689 427 1722 er
387 1672 529 1722 tdivinn
540 1678 643 1738 reperte

52 1739 199 1807 Divulgato
210 1742 305 1791 vetus
294 1757 350 1807 Jem
362 1741 396 1791 ed
408 1741 502 1791 coelum
514 1741 596 1807 gloria
608 1740 698 1792 fertur.

90 1808 115 1859 N
116 1826 159 1860 nm
171 1825 252 1876 quum
264 1809 332 1860 vidit
343 1809 394 1872 hic,
406 1810 440 1860 nd
453 1809 553 1860 victum
565 1825 623 1874 quae
636 1808 740 1874 flagitet
753 1825 820 1872 usus,

55 1877 149 1930 Omnia
157 1879 215 1944 jam
226 1877 307 1928 ferme
319 1878 472 1929 mortalibus
485 1893 538 1927 esse
551 1883 649 1943 parate,
857 1880 889 1927 10

53 1947 90 1998 Et
101 1964 147 2014 per
159 1963 218 2013 quae
230 1953 335 2013 possent
347 1947 429 1997 vitam
442 1945 581 1996 consistere
593 1951 693 1996 tutam:

53 2015 161 2067 Divitiis
173 2015 298 2080 homines,
310 2020 337 2065 et
348 2015 445 2066 honore
456 2020 483 2064 et
495 2014 573 2065 laude
585 2019 704 2082 potentes

54 2083 175 2150 Affiuere,
187 2089 266 2151 etque
277 2083 403 2134 bonet
356 2088 403 2134 net
404 2100 478 2133 orum
490 2082 615 2134 excellere
627 2084 710 2134 foma:

53 2154 109 2205 Nec
121 2153 208 2203 minus
220 2169 275 2203 esse
287 2151 357 2203 domi
370 2151 491 2230 cuiquam
504 2157 593 2203 tamen
605 2152 685 2202 anxis
697 2150 775 2216 cordi,

53 2222 142 2290 Atque
154 2221 236 2272 enimi
248 2220 358 2300 ingratis
370 2221 453 2272 vitam
465 2237 560 2271 vexare
573 2219 701 2285 querelis3

54 2290 172 2356 Causam,
185 2306 241 2356 quae
254 2290 283 2339 in
295 2289 353 2340 fest'
334 2294 368 2339 trs
381 2289 451 2355 cogit
463 2289 552 2340 saevire
565 2287 684 2354 querelis,

54 2359 193 2411 Intellexit
204 2357 256 2419 ibi;
273 2358 370 2409 vitium
382 2374 427 2408 vos
440 2355 559 2408 efficere
551 2372 644 2422 ussum,

54 2429 201 2495 Omniaque
213 2397 284 2478 illius
297 2426 361 2478 vitio
374 2426 533 2493 corrumpier
544 2425 585 2475 int
588 2441 624 2489 us,

54 2497 119 2559 Quae
132 2497 228 2548 collata
240 2495 302 2547 foris
315 2500 342 2545 et
354 2495 489 2546 commoda
501 2510 613 2559 cumque
625 2491 760 2554 venirent3

54 2565 163 2632 Partim,
177 2564 248 2633 quod
259 2563 361 2614 fluxum
374 2568 562 2630 pertusumque
575 2578 629 2613 esse
641 2560 753 2626 videbat,
858 2562 891 2612 20
