1928 2964
251 118 285 173 Τ.
315 115 563 172 LUCRETII
589 113 712 170 CARI

464 306 498 338 DE

169 455 423 547 RERUM
490 453 791 541 NATURA

332 649 441 706 LIBER
459 647 623 712 QUINTUS.

437 823 520 843 W

60 932 131 996 Qum
143 930 213 999 potis
224 935 264 982 est
276 929 385 998 dignum
397 929 508 998 pollenti
520 936 624 999 pectore
636 945 741 989 carmen

61 1000 185 1066 Condere,
197 1016 244 1067 pro
255 1016 343 1051 rerum
355 1003 492 1066 moJestete
504 999 597 1067 hisque
609 997 736 1067 repertis?

62 1068 160 1132 Quisve
171 1069 243 1120 velet
254 1068 339 1120 verbis
352 1074 464 1134 tentum,
478 1069 523 1137 qui
535 1069 633 1136 fingere
645 1067 736 1120 leudes

60 1137 113 1189 Pro
125 1137 225 1197 meritis
238 1139 293 1205 ejus
305 1137 393 1204 possit,
407 1137 452 1206 qui
464 1137 529 1188 telin
540 1137 614 1188 nobis

61 1205 171 1258 Pectore
183 1211 259 1273 purte
271 1223 317 1257 suo
330 1206 490 1273 quaesiteque
502 1206 609 1274 praemie
620 1204 717 1274 iiquitt

61 1275 153 1342 Nemo,
166 1281 196 1326 ut
208 1275 305 1341 opinor,
317 1275 367 1326 erit
379 1275 601 1343 mortali.·corpore
613 1281 707 1327 cretus.

61 1343 131 1394 Nem
144 1343 172 1408 si,
184 1348 215 1394 ut
227 1344 284 1411 ipsa
296 1344 364 1411 petit
375 1345 497 1410 majestas
510 1344 615 1410 cognite
626 1360 721 1410 rerum,

61 1411 209 1463 Dicendum
221 1417 268 1478 est,
281 1411 352 1464 Deus
364 1412 408 1464 ille
421 1412 480 1478 fuit,
493 1411 572 1478 Deus,
584 1412 683 1479 inclyte
695 1411 812 1478 Memmi,

61 1480 115 1544 Qui
127 1479 247 1548 princeps
258 1480 321 1532 vitae
333 1481 461 1533 rationem
472 1481 575 1532 invenit
587 1498 652 1546 eum,
665 1497 721 1547 quae

60 1549 141 1601 Nunc
153 1549 301 1616 appelletur
312 1549 442 1617 sapientia
448 1568 456 1613 ;
469 1549 566 1617 quique
578 1566 625 1616 per
636 1556 720 1600 artem
867 1549 899 1598 10

61 1616 201 1669 Fluctibus
213 1635 226 1668 e
238 1618 320 1670 tentis
332 1618 416 1670 vitam
427 1619 509 1670 tentis
528 1635 559 1670 ue
572 1617 685 1669 tenebris

62 1685 96 1738 In
108 1692 164 1738 tom
176 1687 317 1754 tranquillo
329 1693 357 1738 et
369 1692 424 1738 tam
436 1636 577 1739 clemiuce
588 1687 693 1739 locavit.

98 1753 192 1806 Confer
203 1755 273 1806 enim
285 1755 376 1807 divine
388 1756 498 1807 eliorum
510 1755 620 1822 entique
632 1761 750 1823 reperte3

61 1822 184 1890 Namque
196 1823 271 1875 Ocres
283 1824 367 1876 fertur
378 1824 474 1891 fruges,
487 1824 615 1892 Liberque
627 1824 735 1892 liquoris

63 1888 182 1958 Vitigeni
193 1891 300 1943 laticem
311 1893 464 1945 mortalibus
476 1893 634 1944 instituisse:

63 1960 153 2024 Quum
164 1965 254 2012 tamen
265 1960 307 2012 his
319 1967 405 2029 posset
418 1961 473 2013 sine
484 1961 560 2012 rebus
574 1961 629 2012 vite
641 1975 761 2024 munem

62 2028 101 2081 Ut
113 2029 184 2080 fame
195 2035 242 2094 est,
254 2029 356 2097 aliquas
368 2030 449 2081 etium
460 2047 531 2082 nunc
544 2030 631 2081 vivere
643 2033 742 2095 gentes.

62 2097 100 2149 At
112 2095 178 2149 bene
189 2113 242 2148 nou
254 2104 358 2164 poterut
370 2099 425 2150 sine
437 2116 502 2167 puro
515 2104 618 2166 pectore
631 2096 692 2149 vivi.

63 2166 122 2229 Quo
133 2166 218 2232 magis
230 2166 273 2217 hic
284 2168 378 2218 merito
392 2166 465 2218 nobis
477 2167 549 2219 Deus
562 2183 616 2218 esse
628 2165 742 2234 videtur,

61 2234 252 2304 quuonunc
264 2235 345 2287 etiem
356 2252 523 2303 permagnos
535 2235 620 2288 didita
630 2241 723 2303 gentes
867 2237 901 2287 20

476 2321 493 2357 u
