1928 2964
72 153 123 205 les
383 148 412 202 Τ.
430 148 597 202 Lucum

106 252 172 305 Solis
183 252 248 304 item
260 267 362 319 quoque
375 251 492 302 defectus
504 249 627 317 lunaeque
639 249 760 318 latebras,

71 321 194 373 Pluribus
206 337 221 372 e
232 320 317 372 causis
328 319 385 370 fieri
397 319 447 370 tibi
459 335 533 386 posse
545 319 695 385 putandum
707 325 755 372 est.

71 389 141 442 llam
153 407 200 441 cur
211 389 275 440 luna
287 393 367 454 queat
380 392 477 439 terram
490 387 630 454 secludere,
643 388 736 456 poscis,

71 458 191 524 Lumina,
203 465 230 510 et
243 475 258 509 a
271 457 346 509 terris
358 456 444 507 altum
456 461 536 523 caput
548 455 681 507 obstruere
693 456 725 523 si,

73 525 203 594 Objiciens
216 542 313 578 cacum
324 525 404 576 radiis
416 525 569 576 ardentibus
580 523 688 576 orbeml

72 595 198 662 Tempore
209 595 300 646 eodem
311 593 386 644 aliud
398 594 484 645 lacere
495 592 523 644 id
535 609 588 644 non
600 609 674 660 posse
686 597 801 661 putetur

75 663 181 731 Corpus,
194 663 264 730 quod
276 679 378 714 cassum
390 661 495 713 labatur
505 660 606 712 lumine
618 661 737 730 semperl

109 731 204 798 Solque
216 748 274 782 suos
286 731 367 782 etiam
379 731 511 781 dimittere
523 729 665 796 languidus
678 731 754 797 ignes

72 799 197 867 Tempore
208 816 256 850 cur
268 805 337 850 certo
349 805 470 866 nequeat,
482 814 650 866 recreareque
661 798 763 868 lumen,

74 867 161 931 Quum
173 866 231 921 loce
242 868 369 935 preteriit
380 867 492 918 flammis
504 866 601 918 infesta
612 884 659 935 per
670 884 756 936 suras,

74 936 138 1000 Quae
150 937 255 988 fuciunt
267 936 341 1002 ignes
353 935 522 1002 interstingui
533 941 614 1002 atque
625 935 728 1004 perirel

73 1005 109 1057 Et
121 1022 167 1056 cur
179 1010 249 1056 terra
260 1008 340 1072 quest
352 1004 441 1055 lunam
454 1004 565 1071 spoliare
577 1003 693 1056 vicissim

73 1073 192 1138 Lumine,
204 1079 231 1124 et
243 1089 393 1140 oppressum
406 1072 485 1123 solem
497 1089 574 1140 super
585 1073 643 1140 ipsa
655 1078 753 1142 tenere,

73 1141 212 1194 Menstrua
223 1141 287 1192 dum
298 1141 396 1207 rigidas
408 1140 467 1192 coni
478 1140 624 1208 perlabitur
635 1141 757 1208 umbras;

74 1211 199 1278 Tempore
210 1209 300 1262 eodem
311 1209 384 1261 aliud
396 1217 510 1277 nequeat
522 1226 670 1261 succurrere
681 1209 755 1264 lunee

74 1279 180 1347 Corpus,
191 1279 233 1330 vel
245 1295 325 1346 supra
336 1278 396 1330 solis
408 1278 536 1346 perlabier
548 1278 643 1344 orbem,

75 1348 150 1411 Quod
162 1348 248 1399 redios
259 1347 387 1398 interrum
406 1353 441 1413 et,
454 1346 594 1415 lumenque
606 1345 763 1415 profusuml

74 1416 110 1468 Et
123 1423 211 1468 tamen
223 1417 280 1483 ipsa
293 1432 339 1467 suo
351 1416 373 1466 si
384 1365 470 1482 Fulget
481 1415 546 1467 luna
557 1416 650 1482 nitore,

75 1485 126 1537 Gur
137 1491 251 1553 nequeat
263 1489 334 1536 certa
345 1484 439 1534 mundi
451 1484 617 1551 languescere
629 1490 712 1552 purte,

73 1554 145 1606 Dum
157 1553 214 1605 loca
224 1552 368 1604 luminibus
380 1553 491 1620 propriis
503 1553 610 1604 inimica
621 1570 669 1621 per
682 1553 757 1607 sxitl

112 1622 188 1685 Quod
200 1627 322 1689 superest,
335 1621 459 1690 quoniam
470 1622 561 1688 magni
572 1639 619 1689 per
631 1623 728 1676 caerulu
738 1625 835 1678 mundi

76 1691 134 1755 Qua
145 1689 201 1742 fieri
214 1689 342 1757 quidquid
354 1696 440 1758 posset
452 1691 560 1756 ratione,
572 1690 680 1743 resolvi:

305 1808 346 1862 De
357 1809 419 1862 solie
429 1819 453 1863 et
463 1809 535 1862 leutos
546 1809 681 1879 offectiom.

75 1891 141 1945 Solis
153 1893 194 1945 uti
206 1894 291 1946 varios
303 1911 393 1947 cursus
405 1894 525 1962 lunaeque
537 1901 639 1948 meatus

74 1962 100 2014 N
101 1979 185 2016 oscere
197 1980 334 2031 possemus,
348 1976 404 2030 quae
417 1965 456 2016 vis
469 1976 495 2016 et
508 1981 586 2016 causa
599 1965 697 2029 cieret;

75 2031 164 2094 Quove
175 2032 252 2082 modo
264 2032 365 2083 soleant
377 2033 469 2085 offecto
481 2033 580 2085 lumine
593 2033 672 2100 obire,

74 2099 110 2151 Et
122 2117 170 2152 nec
182 2101 319 2167 opinantes
332 2101 445 2153 tenebris
457 2101 584 2153 obducere
597 2108 695 2166 terras3

75 2168 164 2228 Quum
176 2169 251 2237 quasi
263 2170 411 2236 connivent,
424 2176 451 2222 et
463 2177 554 2239 aperto
567 2171 667 2222 lumine
678 2188 783 2224 rursum

75 2237 169 2289 Omnia
181 2239 319 2291 convisunt
332 2238 402 2290 clara
413 2239 470 2290 loca
483 2239 595 2291 candida
607 2239 674 2292 luce.

85 2358 125 2411 De
137 2360 249 2413 novitate
261 2378 350 2414 rerum
361 2361 460 2414 muudi
471 2370 493 2414 et
505 2360 674 2430 dispositione
685 2377 742 2430 quoe
753 2333 790 2414 id
797 2379 825 2415 eo
837 2398 840 2413 .

108 2444 134 2494 N
134 2461 185 2496 unc
197 2445 273 2496 redeo
285 2446 319 2497 ad
330 2447 424 2497 mundi
436 2447 581 2497 novitatem
594 2452 620 2497 et
631 2445 722 2497 mollia
733 2451 812 2499 terrae

74 2511 160 2573 Arvs;
172 2530 240 2565 novo
251 2515 318 2565 foetu
330 2515 394 2580 quid
406 2516 519 2582 primum
531 2514 560 2563 iu
572 2513 679 2565 luminis
692 2531 749 2566 oras

74 2579 174 2630 Tollere
186 2588 213 2631 et
225 2582 331 2632 incertis
344 2583 455 2634 credunt
468 2583 630 2633 committere
643 2583 734 2634 ventis.

106 2647 249 2716 Principio,
261 2667 345 2718 genus
357 2650 496 2702 herbarum
509 2650 670 2718 viridemque
682 2651 797 2704 nitorem
