1964 2970
48 130 99 180 126
353 126 381 180 Τ.
399 125 566 180 undamn

81 229 183 281 Deinde
196 228 316 297 voluptas
328 234 394 280 este
406 245 482 280 succo
494 229 546 280 fine
558 227 654 297 palati:

47 299 136 362 Quum
148 315 210 350 vero
222 298 342 349 deorsum
354 315 401 365 per
411 298 501 349 fauces
513 297 697 365 praecipitavit,
836 301 888 351 630

45 367 128 418 Nulla
140 366 262 434 voluptas
274 373 320 432 est,
333 367 398 418 dum
409 367 510 418 diditur
522 367 606 418 omnis
618 366 647 417 in
659 373 747 419 artus:

45 436 100 488 Nec
112 436 192 487 refert
204 436 353 504 quidquam,
367 452 417 503 quo
429 436 503 487 victu
515 452 607 503 corpus
619 435 714 502 alatur,

45 504 199 570 Dummodo,
212 505 280 572 quod
294 505 389 571 capias,
402 510 554 556 concoctum
566 504 654 555 didere
666 505 748 572 possis

45 573 170 640 Artubus,
183 579 209 625 et
222 573 349 624 stomachi
361 572 514 624 humectum
526 590 628 625 servare
641 578 763 626 tenorem

243 686 330 752 Quare
342 685 399 738 alic
410 686 475 738 aliie
486 687 621 740 contraria
632 687 694 741 sint.

79 784 106 838 N
106 801 157 836 unc
168 785 227 836 aliis
239 785 307 837 alius
320 785 366 852 qni
378 785 413 837 sit
425 785 504 852 cibus,
516 791 549 838 nt
560 786 702 853 rideamus,

44 853 206 921 Expediam3
225 870 344 921 quareve,
357 854 416 905 aliis
429 855 497 921 quod
510 856 586 906 triste
597 861 624 906 et
636 871 755 907 amarum
767 861 816 922 est,

45 921 103 974 Hoc
115 928 204 973 tamen
217 940 271 974 esse
283 923 341 974 aliis
354 923 435 991 possit
447 924 578 991 praedulce
590 924 680 976 videri.

44 991 181 1058 'lentaque
193 992 221 1042 in
233 992 274 1042 his
286 991 362 1043 rebus
374 992 502 1043 distantia
513 992 694 1059 differitasque
703 997 750 1060 est,

45 1059 89 1126 Ut,
102 1061 170 1126 quod
183 1061 232 1112 alis
244 1060 317 1112 cibus
329 1067 375 1126 est,
388 1060 447 1112 aliis
458 1061 518 1113 fuat
530 1078 588 1113 aare
600 1079 737 1114 venenum

43 1127 92 1180 Est
104 1130 202 1196 itaque,
216 1135 246 1181 ut
258 1147 369 1197 serpens,
381 1129 494 1181 bominis
507 1146 564 1196 quae
574 1136 647 1182 tacta
658 1130 748 1182 salivis
833 1134 886 1184 640

43 1196 167 1265 Disperit,
179 1215 210 1250 ac
223 1216 277 1250 sese
288 1198 435 1250 mandendo
448 1199 553 1250 conficit
563 1200 628 1267 ipsa
696 1245 702 1257 .

44 1264 180 1333 Praeterea,
193 1267 267 1319 nobis
280 1274 413 1319 veratrum
425 1273 464 1318 est
476 1284 536 1320 acre
544 1285 682 1335 venenum,

44 1333 82 1387 At
94 1338 178 1403 capris
190 1337 280 1404 adipes
292 1342 319 1388 et
331 1336 508 1388 coturnicibus
519 1343 606 1404 auget.

79 1405 111 1456 Id
123 1405 218 1471 quibus
230 1411 261 1456 ut
273 1404 320 1456 fiat
331 1405 408 1456 rebus
420 1422 572 1472 cognoscere
584 1406 673 1473 possis,

44 1471 176 1540 Principio
189 1474 337 1525 meminisse
349 1474 431 1540 decet,
443 1491 499 1542 quae
512 1475 627 1526 diximus
639 1481 713 1541 aute,

44 1541 149 1594 Semina
160 1543 323 1593 multimodis
334 1543 363 1593 in
374 1543 450 1595 rebus
462 1544 548 1595 mixta
558 1544 649 1596 teneri.

43 1610 122 1662 Porro
135 1612 230 1675 omn'es,
244 1627 414 1680 quacumque
427 1612 515 1664 cibum
526 1613 642 1680 capiunt,
654 1612 812 1677 animantes,

44 1679 81 1730 Ut
94 1686 155 1730 sunt
167 1680 305 1732 dissimiles
317 1681 486 1747 extrinsecus,
499 1690 526 1733 et
538 1682 683 1748 generatim

43 1746 151 1800 Extima
162 1748 336 1800 membrorum
349 1751 546 1801 circumcaesura
558 1756 665 1816 coercet,

43 1815 155 1868 Proinde
168 1823 194 1868 et
207 1818 349 1870 seminibus
361 1824 482 1871 constant
494 1820 648 1887 variantque
659 1819 750 1886 figura.
830 1822 884 1872 650
974 1810 978 1843 ¹

44 1884 149 1938 Semina
161 1903 242 1953 quum
255 1904 330 1954 porro
343 1888 448 1953 distent,
461 1888 564 1940 differre
575 1905 678 1940 necesse
690 1895 730 1940 est
899 1904 902 1909 ⁴

43 1952 187 2006 Intervalla
199 1956 312 2023 viasque,
324 1957 453 2008 foramine
465 1974 523 2024 quae
535 1956 709 2025 perbibemus,

43 2023 170 2074 Omnibus
182 2024 210 2074 in
222 2025 351 2090 membris,
364 2032 391 2077 et
403 2026 431 2076 in
443 2043 493 2091 ore,
505 2027 613 2093 ipsoque
624 2026 719 2094 palato.

42 2091 105 2144 Esse
117 2093 218 2147 minora
229 2093 311 2160 igitur
324 2095 444 2162 quaedam
456 2097 606 2162 majoraque
618 2095 731 2158 debent;

42 2160 105 2213 Esse
118 2163 248 2228 triquetra
259 2162 324 2227 aliis,
338 2163 396 2213 aliis
409 2164 538 2230 quadrata
550 2180 653 2215 necesse
665 2170 705 2215 est
712 2182 720 2226 ;

43 2230 134 2283 Multa
146 2231 265 2298 rotunda,
277 2232 360 2283 modis
372 2233 463 2284 multis
476 2233 642 2300 multangula
654 2232 782 2300 quaedam.

42 2298 162 2367 Namque
173 2300 316 2366 figurarum
327 2301 394 2352 ratio
407 2307 438 2352 ut
450 2309 588 2369 motusque
600 2307 748 2369 reposcunt,

42 2367 155 2419 Proinde
167 2369 337 2420 foraminibus
350 2368 446 2422 debent
458 2370 561 2422 differre
572 2370 671 2437 figurae,

42 2436 78 2488 Et
90 2439 190 2489 variare
202 2438 258 2503 viae,
271 2438 379 2506 preinde
391 2456 422 2490 ae
434 2446 542 2491 textura
554 2445 661 2491 coercet.

42 2505 108 2571 Hoc,
121 2505 167 2557 nbi
178 2507 248 2574 quod
260 2525 339 2559 suave
351 2514 391 2559 est
403 2508 468 2574 aliis,
481 2508 540 2560 aliis
551 2508 584 2559 fit
595 2525 722 2575 amarum,
830 2512 885 2563 660

28 2573 83 2638 Illi}
99 2575 145 2625 cni
153 2593 237 2628 snare
250 2583 296 2646 est,
308 2576 451 2631 laevissima
462 2594 568 2645 cornera
579 2576 675 2628 debent

16 2639 165 2698 Contracta
169 2647 216 2699 bili
218 2653 262 2702 ter
273 2649 368 2706 caulas
380 2649 486 2704 intrare
496 2646 597 2718 palati:
