1928 2964
340 132 448 186 arnna
467 110 640 194 oosanos.
860 134 907 183 121

65 244 107 296 Ab
119 242 214 310 dubiis,
228 241 330 295 animus
344 258 408 309 quas
420 241 454 294 ab
466 260 493 294 se
505 241 624 310 protinus
636 242 718 294 abdit.

99 313 229 380 Denique,
241 313 280 364 nil
293 312 353 364 sciri
365 312 387 364 si
400 312 458 379 quis
470 317 555 379 putat,
568 311 596 363 id
608 328 711 379 quoquo
723 311 814 378 nescit,
857 312 909 364 470

64 382 108 434 An
121 382 183 433 seiri
195 381 284 448 possit,
297 381 344 448 qui
356 397 383 432 se
395 381 434 431 nil
446 381 514 432 scire'
523 381 637 432 fatetur:

28 512 30 515 ¹
64 450 145 503 Hune
157 450 242 518 igitur
253 456 344 502 contra
356 449 462 501 mittam
474 448 630 500 contendere
642 467 754 516 cauam,

65 520 117 583 Qui
130 520 218 588 capite
230 519 285 586 ipse
298 535 344 570 suo
356 519 385 570 in
397 519 493 570 statuit
504 518 617 584 vestigia
627 535 688 570 sese.

63 588 99 641 Et
111 595 203 641 tamen
215 588 264 638 hoe
276 604 379 656 quoque
390 587 432 638 uti
448 586 596 651 concedam,
610 588 688 650 scire;
707 593 735 639 at
747 588 775 639 id
787 588 874 656 ipsum

64 658 195 724 Quaeram,
208 673 289 724 quum
301 657 329 708 in
341 657 419 708 rebus
431 656 485 708 veri
499 656 539 706 nil
546 656 646 723 ,viderit
659 662 729 723 ante,

63 725 141 779 Unde
154 727 228 793 sciat,
241 726 304 793 quid
317 726 352 777 sit
365 726 438 792 seire,
452 731 480 776 et
491 725 591 777 nescire
603 725 734 778 vicissim?

237 845 279 898 De
291 861 349 897 vero
361 860 438 896 scaea
448 853 735 914 qemreteoqooseaotar,

61 938 194 993 Notitiam
206 941 261 993 veri
273 957 331 1008 quae
342 958 384 992 res
396 940 508 1007 falsique
520 941 630 1004 crearit3

62 1008 98 1061 Et
110 1009 223 1062 dubium
235 1015 306 1062 certo
318 1027 377 1078 quae
389 1027 429 1061 res
442 1009 545 1061 differre
557 1009 690 1077 probarit?

98 1077 229 1146 Invenies,
241 1079 332 1147 primis
345 1079 378 1130 ab
391 1078 509 1130 sensibus
522 1096 576 1130 esse
589 1086 705 1131 creatam

32 1145 193 1200 oNotitiam
204 1148 267 1212 veri,
279 1165 364 1215 neque
377 1164 467 1199 sensus
479 1165 553 1228 posse
565 1148 663 1200 refelli:
855 1154 907 1202 480

60 1213 132 1268 Nam
142 1218 242 1285 majore
253 1215 305 1268 fide
317 1215 395 1269 debet
406 1217 544 1285 reperirier
555 1217 630 1282 illud,

61 1283 161 1352 Sponte
173 1303 222 1338 sua
233 1286 301 1337 veris
313 1286 383 1354 quod
396 1286 479 1353 possit
491 1286 595 1338 vincere
606 1286 681 1339 falsa.

62 1353 133 1416 Quid
145 1357 243 1422 majore
254 1355 306 1406 fide
318 1372 400 1423 porro,
414 1372 493 1422 quam
506 1372 603 1422 sensus,
615 1355 706 1408 haberi

60 1421 163 1476 Debet?
181 1440 216 1476 an
228 1423 262 1476 ab
273 1441 351 1475 sensu
362 1424 429 1477 falso
440 1424 508 1476 ratio
521 1431 578 1476 orta
590 1424 689 1477 valebit

60 1490 155 1544 Dicere
167 1509 210 1544 eos
222 1499 320 1559 contra,
332 1510 391 1561 queo
404 1498 461 1545 tota
473 1492 507 1545 ab
518 1493 636 1545 sensibus
648 1499 705 1546 orta
718 1494 775 1547 esti

61 1560 112 1624 Qui
125 1561 177 1613 nisi
189 1562 243 1614 sint
255 1562 317 1628 veri,
329 1563 397 1614 ratio
410 1579 512 1630 quoque
523 1562 591 1614 falsa
602 1563 633 1616 fit
646 1563 738 1616 omnis.

60 1629 103 1681 An
115 1637 242 1698 poterunt
254 1631 342 1683 oculos
354 1648 429 1684 aures
440 1632 647 1700 reprehenderet
665 1650 700 1685 an
712 1651 788 1685 aures

59 1697 175 1751 Tactus?
193 1717 228 1751 an
240 1700 312 1752 huno
324 1718 400 1769 porro
412 1706 515 1752 tactum
527 1718 602 1768 sapor
614 1708 708 1769 arguet
719 1702 788 1755 oris?

59 1769 102 1819 An
115 1768 292 1822 confutabunt
304 1787 386 1835 neres,
400 1769 502 1821 oeuiive
514 1770 669 1823 revincent?

13 1868 16 1876 f
58 1836 85 1888 N
85 1855 127 1903 on,
140 1844 173 1890 ut
185 1837 283 1906 opinor,
296 1839 335 1891 ita
347 1844 400 1890 est:
419 1856 482 1890 nam
494 1856 609 1890 seorsum
621 1841 715 1908 cuique
726 1845 842 1909 potestas
851 1844 904 1893 490

57 1905 151 1959 Divisa
163 1913 218 1959 est:
237 1925 285 1959 sua
297 1908 337 1960 vis
349 1909 444 1975 cuique
456 1914 509 1960 est:
528 1909 638 1976 ideoque
650 1925 753 1961 necesse
765 1917 813 1979 est,

57 1975 93 2028 Et
106 1975 177 2045 quod
188 1976 266 2028 molle
279 1977 313 2028 sit
326 1983 353 2029 et
365 1977 482 2045 gelidum
494 1976 629 2030 fervensve
641 1978 740 2043 videri3

58 2043 94 2097 Et
106 2062 222 2097 seorsum
233 2046 319 2098 varios
331 2063 419 2098 rerum
431 2046 527 2098 sentire
539 2046 643 2114 colores,

57 2112 94 2166 Et
107 2130 279 2182 quaecumque
292 2114 416 2167 coloribu’
429 2115 482 2177 sint
494 2118 642 2184 conjuncta,
655 2134 758 2169 necesse
771 2121 818 2170 est.

57 2181 165 2235 Seorsus
177 2183 241 2236 item
254 2201 330 2252 sapor
342 2184 393 2236 oris
405 2183 486 2236 habet
497 2185 559 2251 vim,
572 2203 672 2237 seorsus
685 2185 774 2237 odores

56 2250 217 2319 Nascuntur,
230 2270 344 2305 seorsum
357 2253 472 2305 sonitus:
491 2254 602 2321 ideoque
614 2270 717 2305 necesse
730 2258 777 2319 est,

56 2319 82 2371 N
83 2338 117 2373 on
129 2322 231 2389 possint
242 2322 307 2374 alios
319 2321 365 2374 alii
377 2323 532 2375 convincere
544 2340 641 2375 sensus.

56 2388 112 2442 Nee
124 2408 200 2459 porro
212 2396 338 2459 poterunt
349 2391 400 2460 ipsi
402 2391 600 2511 {eprehendere
613 2408 681 2453 sese3

56 2457 145 2526 AEqua
156 2460 221 2511 fides
233 2460 358 2527 quoniam
370 2460 403 2512 de
421 2460 475 2511 ebit
488 2477 589 2527 semper
600 2458 699 2511 haberi.

57 2526 178 2595 Proinde,
196 2529 267 2596 quod
284 2528 314 2580 in
331 2545 433 2597 quoque
450 2532 491 2580 est
508 2528 550 2580 his
568 2528 654 2580 visum
671 2533 797 2599 tempore,
808 2547 902 2584 verum

90 2665 134 2735 lit,
145 2615 176 2721 εἰθ
178 2604 234 2720 iion
245 2665 344 2737 poterit
354 2666 423 2720 retio
435 2666 576 2721 dissolvere
587 2683 707 2738 eamn,
850 2604 903 2653 600
