1928 2964
66 148 117 197 102
377 145 406 200 Ψ.
424 145 605 250 IrUtlhtlt'l‘l'J5

64 246 93 301 si
105 245 155 299 tibi
166 263 219 299 non
232 247 308 299 annis
321 265 415 316 corpus
423 211 599 315 jamdiid'r‘c'ist',
612 252 639 299 ct
650 251 725 318 artus

66 316 184 369 confecti
196 317 325 384 languent
337 335 343 379 ;
361 316 452 368 eadem
465 322 554 368 tamen
566 317 655 368 omnia
665 322 776 383 restant,
858 322 909 386 960

67 384 162 438 Omnia
175 385 197 436 si
209 403 302 454 pergas
314 385 427 437 vivendo
439 385 543 437 vincere
555 385 640 451 saecla,

65 454 154 522 Atque
166 455 248 506 etiam
260 455 356 522 potius,
368 455 390 506 si
402 471 538 521 nunquam
551 455 585 505 sis
596 453 747 508 moriturus.
825 468 833 482 ’

68 523 138 586 Quid
149 523 342 591 respondemus,
354 523 406 575 nisi
415 524 516 589 justam
527 523 664 575 intendere
676 496 870 575 litemws

69 592 207 658 Naturam,
220 599 246 644 et
258 609 347 644 veram
359 591 444 644 verbis
456 608 586 659 exponere
598 591 725 644 causam?

103 662 140 712 At
152 661 198 728 qui
210 661 310 713 obitum
322 661 482 713 lamentetur
492 661 571 712 miser
583 661 696 729 amplius
709 677 792 730 seque,

67 729 128 782 Non
140 730 234 781 merito
246 729 371 782 inclamet
382 730 474 796 magis,
486 735 513 781 et
525 746 587 781 voce
599 729 717 798 increpet
729 731 804 784 aerii

67 798 151 850 Aufer
163 797 259 850 abhinc
268 798 423 866 lachrymas,
436 798 565 866 barathre,
575 804 603 850 et
615 814 749 865 compesce
761 800 888 868 querelas.

69 866 197 920 Grandior
208 867 252 919 hic
264 884 325 919 vero
337 868 360 919 si
367 870 425 935 jam
438 867 574 935 seniorque
586 872 711 935 queratur
723 885 729 921 ε

69 934 164 988 Omnia
176 937 330 1003 perfunctus
342 937 408 989 vitai
420 937 536 1004 praemia,
548 953 648 988 marces
660 952 667 1000 ;

69 1003 120 1057 Sed
133 1005 195 1073 quia
208 1022 260 1057 scm
295 1021 388 1071 raves,
400 1005 470 1072 quod
483 1005 563 1072 abest,
575 1005 715 1074 praesentia
726 1006 832 1076 temnis,
857 1008 911 1062 970

69 1073 227 1142 Imperfecta
239 1074 261 1125 ti
279 1074 289 1125 i
301 1073 389 1142 elapsa
400 1079 441 1125 est
452 1074 608 1142 ingrataque
619 1074 682 1141 rita,
775 1100 782 1109 ·

35 1106 105 1195 ‘hut
116 1160 165 1195 nec
178 1143 297 1211 opinanti
309 1159 378 1194 mors
390 1142 424 1194 ad
437 1148 517 1210 caput
529 1143 634 1195 adstitit
645 1149 715 1210 ante,

71 1211 155 1276 Quam
168 1217 242 1264 satur
252 1229 283 1264 ac
295 1212 388 1282 plenus
400 1212 481 1279 possis
494 1211 626 1264 discedere
637 1229 732 1266 rerum

45 1296 49 1311 ·
69 1280 147 1334 Nunc
159 1281 246 1334 aliena
257 1286 305 1334 tua
317 1287 406 1334 tamen
418 1286 496 1332 atate
508 1281 596 1332 omnia
606 1281 691 1348 mitte,

69 1349 157 1418 AEquo
169 1351 314 1418 animoque,
327 1350 448 1418 agedum,
459 1350 563 1416 magnis
575 1351 686 1403 concede
697 1367 705 1414 3
722 1366 829 1405 necesse
841 1356 888 1405 est.

70 1419 91 1471 J
92 1437 145 1485 urs,
157 1425 188 1472 ut
200 1419 297 1487 opinor,
310 1425 381 1487 agat,
389 1420 450 1486 jure
462 1418 579 1487 increpet
591 1418 751 1488 inciletque:
767 1454 770 1461 ·
782 1422 790 1483 ιζ’
805 1440 920 1496 qma„

71 1487 147 1540 Cedit
159 1489 230 1540 enim
241 1505 330 1540 rerum
341 1488 459 1540 novitate
471 1494 579 1540 extrusa
590 1493 709 1541 vetustas
794 1490 797 1495 '

47 1606 50 1613 .
71 1555 185 1625 Semper,
197 1563 224 1608 et
236 1574 269 1609 ex
282 1557 340 1609 aliis
352 1556 425 1608 aliud
437 1573 557 1624 reparare
568 1573 671 1609 necesse
683 1563 740 1621 est;

11 1624 18 1647 ''
43 1628 46 1633 “
70 1624 126 1677 Nec
139 1626 277 1694 quisquam
289 1626 318 1677 in
329 1626 490 1692 barathrum,
502 1642 551 1677 nec
562 1630 663 1678 tartara
674 1626 782 1680 deditur
792 1631 860 1682 atra.

71 1693 195 1746 Materies
208 1712 273 1762 opus
285 1701 332 1760 est,
345 1700 376 1746 ut
387 1699 504 1746 crescant
516 1700 619 1762 postera
631 1696 708 1748 srecla
720 1712 726 1748 :
859 1699 912 1749 980

72 1763 135 1826 Qua
147 1770 237 1816 tamen
249 1764 336 1816 omnia
348 1769 381 1829 ts,
394 1764 451 1815 rita
461 1763 607 1831 perhmcta,
621 1769 770 1832 sequentur.

71 1831 127 1884 Nec
135 1833 223 1884 minus
232 1850 294 1900 ergo
302 1839 364 1885 ante
371 1833 435 1898 haec,
444 1848 524 1898 quam
535 1837 574 1896 tu,
582 1833 705 1901 cecidere,
712 1833 875 1903 cedentque:

72 1901 114 1954 Sic
127 1901 181 1953 alid
190 1919 224 1954 ex
235 1902 287 1954 alio
299 1918 436 1969 nunquam
447 1901 555 1952 desistet
567 1902 629 1953 oriri
641 1920 648 1966 ;

72 1970 188 2038 Vitaque
199 1970 330 2038 mancipio
342 1969 411 2021 nulli
423 1968 509 2036 datur,
521 1970 641 2023 omnibus
652 1987 710 2024 usu

106 2040 215 2107 Respice
227 2040 299 2105 item,
311 2056 390 2106 quam
402 2039 442 2089 nil
453 2038 488 2091 ad
499 2056 546 2090 nos
558 2045 621 2091 ante
633 2046 693 2092 acta
704 2044 824 2093 vetustas
903 2042 912 2109 'J

71 2107 205 2176 Temporis
217 2108 309 2160 aeterni
320 2107 408 2173 fuerit,
422 2122 501 2174 quam
512 2109 645 2160 nascimur
657 2115 726 2162 anta

72 2177 130 2230 Hoc
141 2178 225 2246 igitur
237 2176 371 2245 speculum
383 2175 457 2227 nobis
468 2182 566 2229 natura
576 2178 662 2230 futuri

71 2246 204 2315 Temporis
216 2246 325 2314 exponit
336 2251 395 2312 post
406 2251 518 2297 mortem
529 2245 642 2314 denique
653 2252 778 2301 nostram.

71 2315 143 2368 Num
155 2315 219 2384 quid
230 2316 268 2367 ibi
279 2304 403 2367 horrihile
415 2313 544 2382 apparet?
562 2332 627 2368 num
639 2317 714 2368 triste
726 2315 833 2369 ridetur

72 2384 241 2453 Quidquam?
259 2401 346 2436 nonne
358 2383 429 2439 omni
442 2400 530 2435 somno
543 2385 659 2436 securius
672 2384 779 2438 exstat'i
857 2388 911 2439 990

196 2493 260 2559 Quor
272 2492 309 2545 ad
319 2492 420 2562 inseror
431 2491 529 2544 deccat
541 2510 570 2545 ea
583 2494 643 2548 viter
654 2495 722 2548 vitia
730 2511 788 2548 esre.

105 2591 193 2659 Atque
205 2609 237 2644 ea
247 2593 380 2658 nimirum,
393 2608 566 2660 quaecumque
578 2589 728 2641 Acherunte
740 2587 874 2656 profundo

65 2659 178 2714 Prodita
188 2665 253 2714 sunt
265 2677 326 2729 esse,
338 2661 368 2711 in
379 2661 436 2713 vita
448 2664 509 2711 sunt
521 2659 609 2711 omnia
620 2657 701 2711 nobis.

423 2894 447 2922 Δ
523 2894 551 2922 h
