1928 2964
233 29 237 33 ’
272 29 394 60 Ἢ

251 152 253 157 “
323 143 432 203 LIBER
450 145 615 206 QUINTUS.
842 149 892 199 159

64 256 65 259 ’
85 245 191 313 Quippe
203 245 301 298 etenim
312 247 428 314 primum
440 249 520 299 terrai
532 263 641 314 corpora
652 263 772 315 quaeque,
841 251 893 300 450

51 311 194 381 Propterea
205 315 275 382 quod
287 322 363 367 erant
374 316 466 382 gravia
478 322 505 367 et
516 317 647 383 perplexa,
660 315 765 368 coibant

53 381 87 433 In
98 382 186 434 medio
198 391 278 450 atque
290 384 356 435 imas
369 384 508 452 capiebant
520 385 608 436 omnia
620 386 706 436 sedes:

53 450 117 514 Quo
131 452 324 519 quantomagis
336 452 406 504 inter
418 469 445 504 se
457 453 583 520 perplexa
594 453 707 520 coibant,

52 518 118 571 Tam
129 521 214 587 magis
226 537 374 588 expressere
386 537 424 586 ea,
436 537 494 588 quae
507 538 586 588 mare,
598 521 691 589 sidem,
704 521 791 591 solem,

52 587 208 656 Lunamque
220 589 360 654 efficerent,
370 595 397 640 et
408 590 500 656 magni
511 590 608 642 moenia
618 591 720 643 mundi,

54 656 151 708 Omnia
162 657 233 708 enim
243 658 328 724 magis
340 658 396 709 haec
409 675 423 709 e
434 657 544 710 laevibus
557 663 636 726 atque
647 659 768 712 rotundis

54 723 211 791 Seminibus,
222 725 357 793 multoque
369 725 508 778 minoribu’
521 732 584 778 sunt
596 726 738 795 elementis,

55 793 142 857 Quam
154 793 247 846 tellus:
264 794 323 845 ideo
336 812 383 863 per
394 812 454 846 rara
465 795 595 846 foramina
607 802 683 847 terrae

54 861 179 914 Partibus
192 880 329 930 erumpens
341 863 441 930 primus
454 881 480 915 se
492 864 600 915 sustulit
612 864 694 916 aether

55 930 164 998 Ignifer,
177 938 204 983 ct
215 931 312 983 multos
325 948 412 983 secum
424 931 489 984 levis
501 932 610 983 abstulit
621 932 708 999 ignes:
843 937 895 988 460

55 999 117 1051 Non
128 999 182 1051 alia
193 999 270 1068 longe
281 1000 390 1066 ratione,
403 1018 434 1052 ae
446 1018 515 1068 saepe
527 1001 654 1067 videmus,
708 1037 710 1042 -

55 1068 145 1121 Aurea
157 1085 237 1135 quum
248 1068 364 1137 primum
375 1077 537 1136 gemmantes
549 1087 606 1121 rore
617 1087 664 1138 per
675 1069 768 1123 herbas

55 1136 194 1190 Matutine
205 1136 301 1189 rubent
312 1138 410 1189 radiati
421 1138 522 1189 lumina
535 1139 602 1205 solis,

55 1205 243 1273 Exhalantque
255 1205 327 1257 lacus
339 1206 470 1274 nebulam,
481 1207 608 1275 fluviique
619 1224 752 1276 perennes,

56 1274 179 1343 Ipsaque,
192 1280 223 1325 ut
234 1274 376 1342 interdum,
388 1276 467 1327 tellus
479 1276 581 1328 fumare
593 1277 711 1328 videtur:

58 1343 154 1395 Omnia
166 1359 224 1410 quae
236 1360 339 1395 sursum
353 1360 435 1411 quum
447 1345 622 1397 conciliantur
632 1345 661 1396 in
673 1346 735 1413 alto,
781 1349 784 1355 '

58 1411 171 1480 Corpore
182 1417 302 1464 concreto
314 1412 460 1465 subtexunt
471 1413 564 1466 nubila
575 1414 677 1467 eoelum.

58 1480 103 1534 Sic
114 1481 199 1548 igitur
210 1487 269 1533 tum
281 1499 307 1533 se
319 1480 384 1533 levis
396 1499 427 1533 ae
439 1482 561 1534 diffusilis
573 1483 656 1534 aether

59 1549 95 1602 (lo
142 1566 171 1601 re
183 1557 302 1602 concreto
315 1550 492 1603 circumdatus
504 1551 620 1619 undique
632 1551 722 1619 sepsit,

58 1618 95 1671 Et
134 1625 161 1670 ta
173 1617 283 1670 diffusus
295 1619 324 1670 in
336 1637 425 1671 omnes
437 1620 553 1687 undique
564 1627 660 1688 partes,
844 1627 895 1678 470

60 1687 157 1739 Omnia
168 1686 205 1739 sic
216 1687 294 1740 avido
306 1688 446 1756 complexu
457 1695 544 1741 cetera
556 1689 642 1757 sepsit.

83 1810 125 1864 De
142 1810 205 1863 solis
219 1820 243 1864 et
257 1811 328 1864 lusce
343 1812 528 1881 mqoitcdiae
536 1821 559 1864 et
573 1822 645 1865 moto
656 1829 744 1865 eorum
755 1822 778 1866 ct
789 1830 874 1883 quem-

333 1881 475 1934 admodum
487 1890 637 1934 mecastor.

97 1964 178 2016 Hunc
190 1964 297 2016 exordia
309 1972 371 2017 sunt
383 1965 443 2016 solis
455 1964 577 2032 lunaeque
589 1970 686 2030 secuta,
698 1970 726 2017 et

62 2034 140 2086 Inter
151 2039 275 2101 utrasque
287 2032 358 2101 globi
370 2050 480 2101 quorum
492 2040 632 2086 vertuntur
643 2034 672 2085 in
684 2033 760 2100 amis,

63 2104 129 2168 Quae
141 2118 225 2170 neque
236 2109 306 2154 terra
318 2103 367 2154 sibi
378 2102 496 2169 adscivit,
508 2119 592 2169 neque
604 2103 735 2155 maximus
747 2101 828 2153 aether
834 2120 842 2165 ς

63 2172 140 2236 Quod
152 2189 201 2223 nec
212 2177 268 2224 tam
279 2171 378 2223 sinerint
389 2171 486 2238 gravia,
499 2178 530 2223 ut
542 2173 662 2241 depressa
674 2173 792 2224 sederent
797 2188 806 2233 ς

63 2241 120 2292 Nec
132 2240 207 2305 levia,
219 2248 251 2293 ut
263 2248 368 2308 possent
380 2257 426 2307 per
438 2258 552 2292 summas
563 2242 646 2293 labier
658 2258 731 2292 oras:

62 2309 100 2362 Et
112 2315 202 2360 tamen
213 2309 283 2361 inter
295 2317 419 2376 utrasque
431 2309 470 2360 ita
481 2316 550 2375 sunt,
562 2316 594 2362 ut
606 2326 712 2376 corpora
724 2309 785 2362 viva
846 2338 848 2343 ·

65 2377 184 2444 Versent,
196 2385 223 2430 et
235 2384 322 2446 partes
335 2383 365 2430 ut
376 2377 469 2429 mundi
480 2379 561 2430 totius
574 2384 684 2429 exstent.

65 2446 142 2510 Quod
153 2462 236 2513 genus
247 2448 276 2499 in
288 2447 362 2498 nobis
374 2447 493 2513 quaedam
504 2448 567 2498 licet
578 2447 606 2497 in
618 2445 730 2498 statione

65 2514 188 2568 Membra
195 2522 402 2581 manere‚tamen
411 2533 493 2583 quum
503 2516 556 2567 sint
566 2532 667 2583 eaquae
676 2521 837 2568 moveantur.
849 2519 901 2568 480

102 2583 153 2635 His
164 2584 247 2651 igitur
257 2583 334 2635 rebus
346 2586 472 2649 retractis,
485 2591 555 2636 terra
565 2589 680 2652 repent-e,

66 2651 187 2705 Maxima
199 2670 250 2720 qua
262 2669 333 2705 nunc
345 2670 372 2704 se
384 2655 458 2721 ponti
471 2652 549 2721 plaga
561 2652 657 2705 caerula
669 2653 763 2719 tendit,

719 2914 815 2934 Α
865 2912 868 2917 ’
